<?xml version="1.0" encoding="UTF-8"?>
<!DOCTYPE html PUBLIC "-//W3C//DTD XHTML 1.0 Transitional//EN"
    "http://www.w3.org/TR/xhtml1/DTD/xhtml1-transitional.dtd">
<html xmlns="http://www.w3.org/1999/xhtml" xml:lang="en" lang="en">
 <head>
  <title>
</title>
<meta http-equiv="Content-Type" content="text/html;charset=utf-8" />
  <meta name='ocr-system' content='tesseract 3.04.00' />
  <meta name='ocr-capabilities' content='ocr_page ocr_carea ocr_par ocr_line ocrx_word'/>
</head>
<body>
  <div class='ocr_page' id='page_1' title='image "aristotelisdepo00goulgoog_0310.png"; bbox 0 0 3213 5550; ppageno 0'>
   <div class='ocr_carea' id='block_1_1' title="bbox 64 833 71 1553">
    <p class='ocr_par' dir='ltr' id='par_1_1' title="bbox 64 833 71 1553">
     <span class='ocr_line' id='line_1_1' title="bbox 64 833 71 1553; baseline 0 0"><span class='ocrx_word' id='word_1_1' title='bbox 64 833 71 1553; x_wconf 95' lang='lat' dir='ltr'> </span> 
     </span>
    </p>
   </div>
   <div class='ocr_carea' id='block_1_2' title="bbox 870 551 2866 656">
    <p class='ocr_par' dir='ltr' id='par_1_2' title="bbox 870 551 2866 656">
     <span class='ocr_line' id='line_1_2' title="bbox 870 551 2866 656; baseline 0.001 -12"><span class='ocrx_word' id='word_1_2' title='bbox 870 555 1029 646; x_wconf 82' lang='lat'>182</span> <span class='ocrx_word' id='word_1_3' title='bbox 1182 553 2254 642; x_wconf 84' lang='lat' dir='ltr'><strong>&#39;ARISTOTELIS</strong></span> <span class='ocrx_word' id='word_1_4' title='bbox 2367 551 2866 656; x_wconf 48' lang='lat' dir='ltr'>emam,</span> 
     </span>
    </p>
   </div>
   <div class='ocr_carea' id='block_1_3' title="bbox 844 729 2876 2831">
    <p class='ocr_par' dir='ltr' id='par_1_3' title="bbox 844 729 2876 2831">
     <span class='ocr_line' id='line_1_3' title="bbox 864 729 2868 832; baseline -0.003 -12"><span class='ocrx_word' id='word_1_5' title='bbox 864 733 1268 828; x_wconf 87' lang='lat' dir='ltr'>Moribus,</span> <span class='ocrx_word' id='word_1_6' title='bbox 1324 733 1547 829; x_wconf 86' lang='lat' dir='ltr'>ficut,</span> <span class='ocrx_word' id='word_1_7' title='bbox 1588 749 1668 812; x_wconf 90' lang='lat' dir='ltr'>et</span> <span class='ocrx_word' id='word_1_8' title='bbox 1706 731 1789 812; x_wconf 85' lang='lat' dir='ltr'>in</span> <span class='ocrx_word' id='word_1_9' title='bbox 1831 731 2136 812; x_wconf 84' lang='lat' dir='ltr'><strong>Rerum</strong></span> <span class='ocrx_word' id='word_1_10' title='bbox 2173 729 2753 815; x_wconf 86' lang='lat' dir='ltr'>Constitutione</span> <span class='ocrx_word' id='word_1_11' title='bbox 2783 739 2868 832; x_wconf 56' lang='grc' dir='ltr'>ὓ,</span> 
     </span>
     <span class='ocr_line' id='line_1_4' title="bbox 863 855 2870 968; baseline 0.001 -30"><span class='ocrx_word' id='word_1_12' title='bbox 863 859 1029 940; x_wconf 65' lang='lat' dir='ltr'>,sem</span> <span class='ocrx_word' id='word_1_13' title='bbox 1032 885 1173 968; x_wconf 89' lang='lat' dir='ltr'>per</span> <span class='ocrx_word' id='word_1_14' title='bbox 1230 883 1596 968; x_wconf 85' lang='lat' dir='ltr'>quaerere,</span> <span class='ocrx_word' id='word_1_15' title='bbox 1655 855 1846 968; x_wconf 88' lang='lat' dir='ltr'>quod</span> <span class='ocrx_word' id='word_1_16' title='bbox 1898 855 2244 938; x_wconf 67' lang='lat' dir='ltr'>Seriatim</span> <span class='ocrx_word' id='word_1_17' title='bbox 2307 855 2722 950; x_wconf 84' lang='lat' dir='ltr'>Cohaereat,</span> <span class='ocrx_word' id='word_1_18' title='bbox 2777 877 2870 940; x_wconf 83' lang='lat' dir='ltr'>ut</span> 
     </span>
     <span class='ocr_line' id='line_1_5' title="bbox 864 979 2868 1092; baseline -0.001 -26"><span class='ocrx_word' id='word_1_19' title='bbox 864 981 1403 1066; x_wconf 82' lang='lat' dir='ltr'>Necessarium</span> <span class='ocrx_word' id='word_1_20' title='bbox 1436 983 1612 1092; x_wconf 82' lang='lat' dir='ltr'><em>scil.</em></span> <span class='ocrx_word' id='word_1_21' title='bbox 1685 997 1820 1060; x_wconf 88' lang='lat' dir='ltr'>aut</span> <span class='ocrx_word' id='word_1_22' title='bbox 1875 980 2338 1060; x_wconf 80' lang='lat' dir='ltr'>verisimile:</span> <span class='ocrx_word' id='word_1_23' title='bbox 2414 979 2552 1073; x_wconf 64' lang='lat' dir='ltr'>ita,</span> <span class='ocrx_word' id='word_1_24' title='bbox 2613 1000 2734 1076; x_wconf 90' lang='lat' dir='ltr'>ut,</span> <span class='ocrx_word' id='word_1_25' title='bbox 2787 1000 2868 1064; x_wconf 85' lang='lat' dir='ltr'>et</span> 
     </span>
     <span class='ocr_line' id='line_1_6' title="bbox 864 1103 2871 1216; baseline 0 -28"><span class='ocrx_word' id='word_1_26' title='bbox 864 1105 1285 1188; x_wconf 87' lang='lat' dir='ltr'>Personam</span> <span class='ocrx_word' id='word_1_27' title='bbox 1332 1107 1477 1188; x_wconf 84' lang='lat' dir='ltr'>tali</span> <span class='ocrx_word' id='word_1_28' title='bbox 1520 1103 1744 1186; x_wconf 84' lang='lat' dir='ltr'>indole</span> <span class='ocrx_word' id='word_1_29' title='bbox 1775 1103 2198 1216; x_wconf 68' lang='lat' dir='ltr'>praeditam,</span> <span class='ocrx_word' id='word_1_30' title='bbox 2259 1105 2440 1183; x_wconf 88' lang='lat' dir='ltr'>talia</span> <span class='ocrx_word' id='word_1_31' title='bbox 2477 1107 2552 1210; x_wconf 85' lang='lat'>†</span> <span class='ocrx_word' id='word_1_32' title='bbox 2583 1106 2871 1188; x_wconf 88' lang='lat' dir='ltr'>Dicere</span> 
     </span>
     <span class='ocr_line' id='line_1_7' title="bbox 866 1225 2870 1340; baseline 0.001 -29"><span class='ocrx_word' id='word_1_33' title='bbox 866 1230 992 1311; x_wconf 88' lang='lat' dir='ltr'>vel</span> <span class='ocrx_word' id='word_1_34' title='bbox 1032 1233 1317 1340; x_wconf 88' lang='lat' dir='ltr'>Agere,</span> <span class='ocrx_word' id='word_1_35' title='bbox 1376 1229 1842 1322; x_wconf 73' lang='lat' dir='ltr'>Verisimile,</span> <span class='ocrx_word' id='word_1_36' title='bbox 1901 1247 2034 1310; x_wconf 90' lang='lat' dir='ltr'>aut</span> <span class='ocrx_word' id='word_1_37' title='bbox 2071 1225 2394 1308; x_wconf 85' lang='lat' dir='ltr'>Neceffe</span> <span class='ocrx_word' id='word_1_38' title='bbox 2447 1229 2569 1309; x_wconf 88' lang='lat' dir='ltr'>fit.</span> <span class='ocrx_word' id='word_1_39' title='bbox 2685 1230 2718 1270; x_wconf 77' lang='lat'>¹²</span> <span class='ocrx_word' id='word_1_40' title='bbox 2759 1231 2870 1313; x_wconf 86' lang='lat' dir='ltr'>Et</span> 
     </span>
     <span class='ocr_line' id='line_1_8' title="bbox 864 1351 2869 1466; baseline 0 -30"><span class='ocrx_word' id='word_1_41' title='bbox 864 1357 947 1436; x_wconf 83' lang='lat' dir='ltr'>in</span> <span class='ocrx_word' id='word_1_42' title='bbox 1010 1355 1325 1436; x_wconf 86' lang='lat' dir='ltr'>omnibus</span> <span class='ocrx_word' id='word_1_43' title='bbox 1390 1353 1603 1466; x_wconf 46' lang='lat' dir='ltr'>(tam</span> <span class='ocrx_word' id='word_1_44' title='bbox 1672 1352 2037 1446; x_wconf 83' lang='lat' dir='ltr'>Moribus,</span> <span class='ocrx_word' id='word_1_45' title='bbox 2115 1351 2334 1462; x_wconf 63' lang='lat' dir='ltr'>qua⁸m</span> <span class='ocrx_word' id='word_1_46' title='bbox 2398 1382 2559 1463; x_wconf 85' lang='lat' dir='ltr'>quae</span> <span class='ocrx_word' id='word_1_47' title='bbox 2621 1353 2869 1436; x_wconf 66' lang='lat' dir='ltr'>exind?</span> 
     </span>
     <span class='ocr_line' id='line_1_9' title="bbox 864 1469 2868 1586; baseline -0.001 -26"><span class='ocrx_word' id='word_1_48' title='bbox 864 1481 1172 1574; x_wconf 83' lang='lat' dir='ltr'>elucent,</span> <span class='ocrx_word' id='word_1_49' title='bbox 1230 1479 1511 1570; x_wconf 71' lang='lat' dir='ltr'>Diciis,</span> <span class='ocrx_word' id='word_1_50' title='bbox 1570 1469 1790 1586; x_wconf 59' lang='lat' dir='ltr'>&amp;ej</span> <span class='ocrx_word' id='word_1_51' title='bbox 1846 1477 2124 1558; x_wconf 86' lang='lat' dir='ltr'>Hoc</span> <span class='ocrx_word' id='word_1_52' title='bbox 2201 1477 2516 1558; x_wconf 89' lang='lat' dir='ltr'>POST</span> <span class='ocrx_word' id='word_1_53' title='bbox 2589 1479 2868 1558; x_wconf 92' lang='lat' dir='ltr'>HOC</span> 
     </span>
     <span class='ocr_line' id='line_1_10' title="bbox 864 1601 2863 1712; baseline 0 -28"><span class='ocrx_word' id='word_1_54' title='bbox 864 1602 1063 1698; x_wconf 86' lang='lat' dir='ltr'>fieri,</span> <span class='ocrx_word' id='word_1_55' title='bbox 1122 1601 1655 1686; x_wconf 80' lang='lat' dir='ltr'>Neceffarium</span> <span class='ocrx_word' id='word_1_56' title='bbox 1713 1601 1980 1712; x_wconf 64' lang='lat' dir='ltr'>quoqu?</span> <span class='ocrx_word' id='word_1_57' title='bbox 2007 1601 2152 1708; x_wconf 80' lang='lat' dir='ltr'>stt,</span> <span class='ocrx_word' id='word_1_58' title='bbox 2209 1618 2344 1682; x_wconf 91' lang='lat' dir='ltr'>aut</span> <span class='ocrx_word' id='word_1_59' title='bbox 2397 1601 2863 1684; x_wconf 84' lang='lat' dir='ltr'>Verifimile.</span> 
     </span>
     <span class='ocr_line' id='line_1_11' title="bbox 878 1723 2868 1836; baseline -0.002 -27"><span class='ocrx_word' id='word_1_60' title='bbox 878 1755 1010 1810; x_wconf 92' lang='lat'>11.</span> <span class='ocrx_word' id='word_1_61' title='bbox 1071 1727 1341 1808; x_wconf 80' lang='lat' dir='ltr'>&#39;Hinc</span> <span class='ocrx_word' id='word_1_62' title='bbox 1408 1729 1650 1836; x_wconf 88' lang='lat' dir='ltr'>igitur</span> <span class='ocrx_word' id='word_1_63' title='bbox 1712 1723 2210 1806; x_wconf 86' lang='lat' dir='ltr'>manifestum</span> <span class='ocrx_word' id='word_1_64' title='bbox 2278 1723 2415 1818; x_wconf 89' lang='lat' dir='ltr'>est,</span> <span class='ocrx_word' id='word_1_65' title='bbox 2495 1743 2574 1805; x_wconf 90' lang='lat' dir='ltr'>et</span> <span class='ocrx_word' id='word_1_66' title='bbox 2637 1726 2868 1806; x_wconf 85' lang='lat' dir='ltr'>Solu·-</span> 
     </span>
     <span class='ocr_line' id='line_1_12' title="bbox 866 1843 2869 1964; baseline 0 -32"><span class='ocrx_word' id='word_1_67' title='bbox 866 1851 1117 1932; x_wconf 85' lang='lat' dir='ltr'>tiones</span> <span class='ocrx_word' id='word_1_68' title='bbox 1160 1853 1227 1932; x_wconf 92' lang='lat' dir='ltr'><strong>F</strong></span> <span class='ocrx_word' id='word_1_69' title='bbox 1232 1851 1634 1932; x_wconf 87' lang='lat' dir='ltr'>abularum</span> <span class='ocrx_word' id='word_1_70' title='bbox 1677 1847 1894 1964; x_wconf 80' lang='lat' dir='ltr'>(quae</span> <span class='ocrx_word' id='word_1_71' title='bbox 1927 1847 2218 1932; x_wconf 83' lang='lat' dir='ltr'>Nodum</span> <span class='ocrx_word' id='word_1_72' title='bbox 2253 1843 2688 1960; x_wconf 83' lang='lat' dir='ltr'>expediant)</span> <span class='ocrx_word' id='word_1_73' title='bbox 2731 1859 2754 1892; x_wconf 86' lang='lat'><em>¹</em></span> <span class='ocrx_word' id='word_1_74' title='bbox 2773 1879 2869 1932; x_wconf 81' lang='lat' dir='ltr'>ex</span> 
     </span>
     <span class='ocr_line' id='line_1_13' title="bbox 866 1974 2868 2088; baseline 0.001 -33"><span class='ocrx_word' id='word_1_75' title='bbox 866 1975 1029 2086; x_wconf 87' lang='lat' dir='ltr'>ipsa</span> <span class='ocrx_word' id='word_1_76' title='bbox 1056 1993 1407 2088; x_wconf 87' lang='lat' dir='ltr'>oportere</span> <span class='ocrx_word' id='word_1_77' title='bbox 1434 1974 1730 2055; x_wconf 90' lang='lat' dir='ltr'>Fabula</span> <span class='ocrx_word' id='word_1_78' title='bbox 1755 1975 2081 2068; x_wconf 88' lang='lat' dir='ltr'>evenire,</span> <span class='ocrx_word' id='word_1_79' title='bbox 2095 1975 2486 2086; x_wconf 77' lang='lat' dir='ltr'>stminibus</span> <span class='ocrx_word' id='word_1_80' title='bbox 2517 1975 2636 2055; x_wconf 84' lang='lat' dir='ltr'>rei</span> <span class='ocrx_word' id='word_1_81' title='bbox 2651 1975 2868 2084; x_wconf 79' lang='lat' dir='ltr'>prius</span> 
     </span>
     <span class='ocr_line' id='line_1_14' title="bbox 844 2095 2866 2206; baseline -0.001 -26"><span class='ocrx_word' id='word_1_82' title='bbox 844 2101 1079 2206; x_wconf 63' lang='lat' dir='ltr'>jams</span> <span class='ocrx_word' id='word_1_83' title='bbox 1103 2139 1132 2195; x_wconf 99' lang='lat'>3</span> <span class='ocrx_word' id='word_1_84' title='bbox 1194 2127 1355 2181; x_wconf 89' lang='lat' dir='ltr'>non</span> <span class='ocrx_word' id='word_1_85' title='bbox 1412 2117 1676 2179; x_wconf 86' lang='lat' dir='ltr'>autem</span> <span class='ocrx_word' id='word_1_86' title='bbox 1735 2099 2018 2182; x_wconf 49' lang='lat' dir='ltr'>aliun&amp;</span> <span class='ocrx_word' id='word_1_87' title='bbox 2073 2095 2116 2176; x_wconf 74' lang='grc' dir='ltr'>ὲ</span> <span class='ocrx_word' id='word_1_88' title='bbox 2167 2097 2603 2180; x_wconf 83' lang='lat' dir='ltr'>Machina:</span> <span class='ocrx_word' id='word_1_89' title='bbox 2663 2111 2702 2142; x_wconf 77' lang='lat'>¹¹²</span> <span class='ocrx_word' id='word_1_90' title='bbox 2741 2101 2866 2179; x_wconf 85' lang='lat' dir='ltr'>Si-</span> 
     </span>
     <span class='ocr_line' id='line_1_15' title="bbox 866 2223 2867 2334; baseline 0.003 -32"><span class='ocrx_word' id='word_1_91' title='bbox 866 2241 1009 2303; x_wconf 89' lang='lat' dir='ltr'>cut</span> <span class='ocrx_word' id='word_1_92' title='bbox 1058 2225 1143 2306; x_wconf 90' lang='lat' dir='ltr'>in</span> <span class='ocrx_word' id='word_1_93' title='bbox 1180 2223 1561 2333; x_wconf 83' lang='lat' dir='ltr'>Euripidis</span> <span class='ocrx_word' id='word_1_94' title='bbox 1594 2225 1928 2316; x_wconf 88' lang='lat' dir='ltr'>Medea3</span> <span class='ocrx_word' id='word_1_95' title='bbox 1993 2253 2178 2334; x_wconf 82' lang='lat' dir='ltr'>quae,</span> <span class='ocrx_word' id='word_1_96' title='bbox 2237 2223 2396 2304; x_wconf 59' lang='lat' dir='ltr'>cbm</span> <span class='ocrx_word' id='word_1_97' title='bbox 2435 2225 2472 2304; x_wconf 74' lang='grc' dir='ltr'><em>ὲ</em></span> <span class='ocrx_word' id='word_1_98' title='bbox 2523 2224 2867 2308; x_wconf 84' lang='lat' dir='ltr'>Corintho</span> 
     </span>
     <span class='ocr_line' id='line_1_16' title="bbox 868 2347 2876 2460; baseline 0 -31"><span class='ocrx_word' id='word_1_99' title='bbox 868 2347 1063 2430; x_wconf 83' lang='lat' dir='ltr'>elabi</span> <span class='ocrx_word' id='word_1_100' title='bbox 1089 2377 1227 2430; x_wconf 89' lang='lat' dir='ltr'>non</span> <span class='ocrx_word' id='word_1_101' title='bbox 1261 2347 1516 2460; x_wconf 70' lang='lat' dir='ltr'>poſjbt,</span> <span class='ocrx_word' id='word_1_102' title='bbox 1576 2349 1848 2430; x_wconf 75' lang='lat' dir='ltr'>solaris</span> <span class='ocrx_word' id='word_1_103' title='bbox 1887 2347 2214 2430; x_wconf 83' lang='lat' dir='ltr'>Vehiculi</span> <span class='ocrx_word' id='word_1_104' title='bbox 2239 2347 2530 2442; x_wconf 78' lang='lat' dir='ltr'>auxilia,</span> <span class='ocrx_word' id='word_1_105' title='bbox 2591 2349 2876 2430; x_wconf 80' lang='lat' dir='ltr'>Mariti</span> 
     </span>
     <span class='ocr_line' id='line_1_17' title="bbox 844 2465 2863 2586; baseline -0.001 -32"><span class='ocrx_word' id='word_1_106' title='bbox 844 2473 1279 2586; x_wconf 76' lang='lat' dir='ltr'>superfugit</span> <span class='ocrx_word' id='word_1_107' title='bbox 1338 2473 1491 2552; x_wconf 82' lang='lat' dir='ltr'>vim</span> <span class='ocrx_word' id='word_1_108' title='bbox 1518 2505 1549 2553; x_wconf 91' lang='lat'>.·</span> <span class='ocrx_word' id='word_1_109' title='bbox 1606 2488 1685 2550; x_wconf 90' lang='lat' dir='ltr'>et</span> <span class='ocrx_word' id='word_1_110' title='bbox 1739 2483 1765 2511; x_wconf 79' lang='lat'>²¹</span> <span class='ocrx_word' id='word_1_111' title='bbox 1804 2473 1886 2550; x_wconf 87' lang='lat' dir='ltr'>in</span> <span class='ocrx_word' id='word_1_112' title='bbox 1953 2465 2342 2582; x_wconf 63' lang='lat' dir='ltr'>Tragoedia</span> <span class='ocrx_word' id='word_1_113' title='bbox 2399 2471 2668 2564; x_wconf 89' lang='lat' dir='ltr'>Iliade,</span> <span class='ocrx_word' id='word_1_114' title='bbox 2699 2473 2863 2581; x_wconf 86' lang='lat' dir='ltr'>fin·-</span> 
     </span>
     <span class='ocr_line' id='line_1_18' title="bbox 860 2590 2864 2706; baseline 0 -28"><span class='ocrx_word' id='word_1_115' title='bbox 860 2617 1155 2706; x_wconf 82' lang='lat' dir='ltr'>guntur</span> <span class='ocrx_word' id='word_1_116' title='bbox 1218 2595 1383 2688; x_wconf 85' lang='lat' dir='ltr'>illa,</span> <span class='ocrx_word' id='word_1_117' title='bbox 1454 2597 1660 2674; x_wconf 91' lang='lat' dir='ltr'>circa</span> <span class='ocrx_word' id='word_1_118' title='bbox 1721 2597 2414 2704; x_wconf 81' lang='lat' dir='ltr'>Renavigationem</span> <span class='ocrx_word' id='word_1_119' title='bbox 2475 2597 2526 2678; x_wconf 62' lang='lat' dir='ltr'>a*</span> <span class='ocrx_word' id='word_1_120' title='bbox 2585 2590 2808 2704; x_wconf 72' lang='lat' dir='ltr'>‘Tr-qia</span> <span class='ocrx_word' id='word_1_121' title='bbox 2833 2633 2864 2689; x_wconf 86' lang='lat'>3</span> 
     </span>
     <span class='ocr_line' id='line_1_19' title="bbox 881 2717 2868 2831; baseline 0.001 -27"><span class='ocrx_word' id='word_1_122' title='bbox 881 2747 1014 2805; x_wconf 86' lang='lat'>12.</span> <span class='ocrx_word' id='word_1_123' title='bbox 1074 2729 1103 2761; x_wconf 77' lang='lat'>²</span> <span class='ocrx_word' id='word_1_124' title='bbox 1144 2721 1289 2803; x_wconf 92' lang='lat' dir='ltr'>Sed</span> <span class='ocrx_word' id='word_1_125' title='bbox 1339 2717 1721 2801; x_wconf 63' lang='lat' dir='ltr'>Machina</span> <span class='ocrx_word' id='word_1_126' title='bbox 1773 2723 2150 2803; x_wconf 88' lang='lat' dir='ltr'>utendum</span> <span class='ocrx_word' id='word_1_127' title='bbox 2201 2722 2335 2817; x_wconf 90' lang='lat' dir='ltr'>est,</span> <span class='ocrx_word' id='word_1_128' title='bbox 2395 2721 2490 2801; x_wconf 89' lang='lat' dir='ltr'>ad</span> <span class='ocrx_word' id='word_1_129' title='bbox 2553 2747 2638 2803; x_wconf 88' lang='lat' dir='ltr'>ea</span> <span class='ocrx_word' id='word_1_130' title='bbox 2701 2746 2868 2831; x_wconf 81' lang='lat' dir='ltr'>quae</span> 
     </span>
    </p>
   </div>
   <div class='ocr_carea' id='block_1_4' title="bbox 870 2840 2868 3083">
    <p class='ocr_par' dir='ltr' id='par_1_4' title="bbox 870 2840 2868 3083">
     <span class='ocr_line' id='line_1_20' title="bbox 870 2840 2864 2961; baseline -0.002 -31"><span class='ocrx_word' id='word_1_131' title='bbox 870 2846 1119 2931; x_wconf 82' lang='lat' dir='ltr'>Extra</span> <span class='ocrx_word' id='word_1_132' title='bbox 1156 2846 1481 2940; x_wconf 79' lang='lat' dir='ltr'>Drama,</span> <span class='ocrx_word' id='word_1_133' title='bbox 1528 2846 1636 2961; x_wconf 87' lang='lat' dir='ltr'>(i.</span> <span class='ocrx_word' id='word_1_134' title='bbox 1678 2876 1738 2925; x_wconf 87' lang='lat' dir='ltr'>e.</span> <span class='ocrx_word' id='word_1_135' title='bbox 1781 2846 2158 2927; x_wconf 66' lang='lat' dir='ltr'>Ablionem</span> <span class='ocrx_word' id='word_1_136' title='bbox 2193 2848 2398 2928; x_wconf 85' lang='lat' dir='ltr'><em>Illius</em></span> <span class='ocrx_word' id='word_1_137' title='bbox 2431 2840 2670 2953; x_wconf 81' lang='lat' dir='ltr'>Diei)</span> <span class='ocrx_word' id='word_1_138' title='bbox 2707 2874 2864 2927; x_wconf 83' lang='lat' dir='ltr'>ma-</span> 
     </span>
     <span class='ocr_line' id='line_1_21' title="bbox 870 2970 2868 3083; baseline -0.001 -30"><span class='ocrx_word' id='word_1_139' title='bbox 870 2990 1049 3053; x_wconf 84' lang='lat' dir='ltr'>nent</span> <span class='ocrx_word' id='word_1_140' title='bbox 1068 3010 1097 3067; x_wconf 93' lang='lat'>3</span> <span class='ocrx_word' id='word_1_141' title='bbox 1158 2997 1643 3083; x_wconf 62' lang='lat' dir='ltr'>quaecunque</span> <span class='ocrx_word' id='word_1_142' title='bbox 1661 2970 1840 3079; x_wconf 83' lang='lat' dir='ltr'><em>scil.</em></span> <span class='ocrx_word' id='word_1_143' title='bbox 1883 2984 1910 3013; x_wconf 87' lang='lat'><em>⁰</em></span> <span class='ocrx_word' id='word_1_144' title='bbox 1940 2970 2060 3066; x_wconf 71' lang='lat' dir='ltr'>vd</span> <span class='ocrx_word' id='word_1_145' title='bbox 2097 2970 2318 3057; x_wconf 67' lang='lat' dir='ltr'>antea</span> <span class='ocrx_word' id='word_1_146' title='bbox 2353 2988 2566 3055; x_wconf 87' lang='lat' dir='ltr'>erant</span> <span class='ocrx_word' id='word_1_147' title='bbox 2606 2971 2673 3051; x_wconf 92' lang='lat' dir='ltr'>F</span> <span class='ocrx_word' id='word_1_148' title='bbox 2675 2972 2868 3071; x_wconf 64' lang='lat' dir='ltr'>aaa.</span> 
     </span>
    </p>
   </div>
   <div class='ocr_carea' id='block_1_5' title="bbox 868 3357 2872 4298">
    <p class='ocr_par' dir='ltr' id='par_1_5' title="bbox 868 3357 2872 3835">
     <span class='ocr_line' id='line_1_22' title="bbox 930 3357 2872 3447; baseline 0.002 -24.037"><span class='ocrx_word' id='word_1_149' title='bbox 930 3357 983 3399; x_wconf 75' lang='lat'>&#39;¹‘</span> <span class='ocrx_word' id='word_1_150' title='bbox 1022 3366 1097 3423; x_wconf 90' lang='lat' dir='ltr'>Et</span> <span class='ocrx_word' id='word_1_151' title='bbox 1124 3365 1319 3434; x_wconf 65' lang='lat' dir='ltr'>Dista,</span> <span class='ocrx_word' id='word_1_152' title='bbox 1340 3366 1624 3444; x_wconf 61' lang='lat' dir='ltr'>Pariaque</span> <span class='ocrx_word' id='word_1_153' title='bbox 1643 3366 1885 3447; x_wconf 76' lang='lat' dir='ltr'>singula,</span> <span class='ocrx_word' id='word_1_154' title='bbox 1909 3366 2064 3447; x_wconf 81' lang='lat' dir='ltr'>quasi</span> <span class='ocrx_word' id='word_1_155' title='bbox 2087 3364 2288 3427; x_wconf 85' lang='lat' dir='ltr'>ordine</span> <span class='ocrx_word' id='word_1_156' title='bbox 2312 3362 2726 3446; x_wconf 83' lang='lat' dir='ltr'>consequantur</span> <span class='ocrx_word' id='word_1_157' title='bbox 2752 3359 2872 3427; x_wconf 50' lang='lat' dir='ltr'>suoi</span> 
     </span>
     <span class='ocr_line' id='line_1_23' title="bbox 948 3459 2216 3527; baseline 0 -4"><span class='ocrx_word' id='word_1_158' title='bbox 948 3459 969 3499; x_wconf 86' lang='lat'>¹</span> <span class='ocrx_word' id='word_1_159' title='bbox 1012 3463 1296 3523; x_wconf 79' lang='lat' dir='ltr'>Corollar.</span> <span class='ocrx_word' id='word_1_160' title='bbox 1325 3462 1397 3522; x_wconf 91' lang='lat' dir='ltr'>de</span> <span class='ocrx_word' id='word_1_161' title='bbox 1426 3464 1463 3520; x_wconf 86' lang='lat' dir='ltr'><em>S</em></span> <span class='ocrx_word' id='word_1_162' title='bbox 1464 3464 1652 3524; x_wconf 59' lang='lat' dir='ltr'>omtlut</span> <span class='ocrx_word' id='word_1_163' title='bbox 1617 3487 1678 3523; x_wconf 80' lang='lat' dir='ltr'>ne</span> <span class='ocrx_word' id='word_1_164' title='bbox 1705 3466 1788 3523; x_wconf 86' lang='lat' dir='ltr'>No</span> <span class='ocrx_word' id='word_1_165' title='bbox 1787 3465 1888 3523; x_wconf 72' lang='lat' dir='ltr'>di</span> <span class='ocrx_word' id='word_1_166' title='bbox 1871 3485 1930 3524; x_wconf 82' lang='lat' dir='ltr'>m</span> <span class='ocrx_word' id='word_1_167' title='bbox 1961 3464 2164 3525; x_wconf 78' lang='lat' dir='ltr'>Fabuli</span> <span class='ocrx_word' id='word_1_168' title='bbox 2171 3484 2216 3527; x_wconf 80' lang='lat' dir='ltr'>s.</span> 
     </span>
     <span class='ocr_line' id='line_1_24' title="bbox 952 3558 2866 3647; baseline -0.001 -26.963"><span class='ocrx_word' id='word_1_169' title='bbox 952 3560 1175 3623; x_wconf 75' lang='lat' dir='ltr'>⁸.Pars</span> <span class='ocrx_word' id='word_1_170' title='bbox 1212 3558 1300 3619; x_wconf 84' lang='lat' dir='ltr'>Ut</span> <span class='ocrx_word' id='word_1_171' title='bbox 1331 3579 1453 3618; x_wconf 84' lang='lat' dir='ltr'>eam</span> <span class='ocrx_word' id='word_1_172' title='bbox 1488 3579 1561 3620; x_wconf 86' lang='lat' dir='ltr'>ex</span> <span class='ocrx_word' id='word_1_173' title='bbox 1589 3563 1806 3621; x_wconf 84' lang='lat' dir='ltr'>Rerum</span> <span class='ocrx_word' id='word_1_174' title='bbox 1835 3560 2370 3647; x_wconf 81' lang='lat' dir='ltr'>Coagmentatione,</span> <span class='ocrx_word' id='word_1_175' title='bbox 2409 3560 2710 3623; x_wconf 79' lang='lat' dir='ltr'>desumas·</span> <span class='ocrx_word' id='word_1_176' title='bbox 2689 3604 2712 3631; x_wconf 89' lang='lat'>,</span> <span class='ocrx_word' id='word_1_177' title='bbox 2750 3576 2866 3619; x_wconf 73' lang='lat' dir='ltr'>non</span> 
     </span>
     <span class='ocr_line' id='line_1_25' title="bbox 868 3654 1861 3737; baseline 0.005 -21"><span class='ocrx_word' id='word_1_178' title='bbox 868 3659 964 3737; x_wconf 87' lang='lat' dir='ltr'>(ut</span> <span class='ocrx_word' id='word_1_179' title='bbox 990 3654 1189 3737; x_wconf 69' lang='lat' dir='ltr'>inepte</span> <span class='ocrx_word' id='word_1_180' title='bbox 1217 3656 1542 3737; x_wconf 86' lang='lat' dir='ltr'>quidam)</span> <span class='ocrx_word' id='word_1_181' title='bbox 1516 3680 1552 3717; x_wconf 80' lang='lat' dir='ltr'>a</span> <span class='ocrx_word' id='word_1_182' title='bbox 1578 3658 1861 3721; x_wconf 80' lang='lat' dir='ltr'>Machina.</span> 
     </span>
     <span class='ocr_line' id='line_1_26' title="bbox 1759 3756 1946 3835; baseline 0.005 -21"><span class='ocrx_word' id='word_1_183' title='bbox 1759 3756 1946 3835; x_wconf 88' lang='lat' dir='ltr'>quue</span> 
     </span>
    </p>

    <p class='ocr_par' dir='ltr' id='par_1_6' title="bbox 946 3846 1892 3931">
     <span class='ocr_line' id='line_1_27' title="bbox 946 3846 1892 3931; baseline 0.005 -27"><span class='ocrx_word' id='word_1_184' title='bbox 946 3853 988 3883; x_wconf 75' lang='lat'>¹¹</span> <span class='ocrx_word' id='word_1_185' title='bbox 1028 3846 1163 3907; x_wconf 80' lang='lat' dir='ltr'>Sive</span> <span class='ocrx_word' id='word_1_186' title='bbox 1188 3848 1293 3909; x_wconf 74' lang='lat' dir='ltr'>illa</span> <span class='ocrx_word' id='word_1_187' title='bbox 1320 3848 1435 3908; x_wconf 82' lang='lat' dir='ltr'>fine</span> <span class='ocrx_word' id='word_1_188' title='bbox 1460 3850 1593 3911; x_wconf 86' lang='lat' dir='ltr'>Deo</span> <span class='ocrx_word' id='word_1_189' title='bbox 1621 3848 1892 3931; x_wconf 80' lang='lat' dir='ltr'>fingatur.</span> 
     </span>
    </p>

    <p class='ocr_par' dir='ltr' id='par_1_7' title="bbox 948 3938 2422 4023">
     <span class='ocr_line' id='line_1_28' title="bbox 948 3938 2422 4023; baseline 0.006 -27"><span class='ocrx_word' id='word_1_190' title='bbox 948 3944 979 3975; x_wconf 76' lang='lat'>¹¹</span> <span class='ocrx_word' id='word_1_191' title='bbox 1020 3938 1171 4009; x_wconf 86' lang='lat' dir='ltr'>Sive,</span> <span class='ocrx_word' id='word_1_192' title='bbox 1198 3942 1331 4000; x_wconf 68' lang='lat' dir='ltr'>curn</span> <span class='ocrx_word' id='word_1_193' title='bbox 1360 3942 1489 4003; x_wconf 86' lang='lat' dir='ltr'>Dea</span> <span class='ocrx_word' id='word_1_194' title='bbox 1514 3942 1741 4002; x_wconf 84' lang='lat' dir='ltr'>Deusve</span> <span class='ocrx_word' id='word_1_195' title='bbox 1769 3942 2086 4023; x_wconf 83' lang='lat' dir='ltr'>imponitur</span> <span class='ocrx_word' id='word_1_196' title='bbox 2113 3942 2422 4005; x_wconf 81' lang='lat' dir='ltr'>Machinae.</span> 
     </span>
    </p>

    <p class='ocr_par' dir='ltr' id='par_1_8' title="bbox 870 4032 2868 4202">
     <span class='ocr_line' id='line_1_29' title="bbox 949 4032 2868 4123; baseline 0.007 -33"><span class='ocrx_word' id='word_1_197' title='bbox 949 4034 980 4065; x_wconf 77' lang='lat'>²</span> <span class='ocrx_word' id='word_1_198' title='bbox 1016 4032 1185 4094; x_wconf 73' lang='lat' dir='ltr'>Pars:</span> <span class='ocrx_word' id='word_1_199' title='bbox 1228 4034 1563 4097; x_wconf 79' lang='lat' dir='ltr'>Machinam</span> <span class='ocrx_word' id='word_1_200' title='bbox 1606 4036 1822 4097; x_wconf 84' lang='lat' dir='ltr'>alicubi</span> <span class='ocrx_word' id='word_1_201' title='bbox 1856 4036 1964 4097; x_wconf 81' lang='lat' dir='ltr'>esse</span> <span class='ocrx_word' id='word_1_202' title='bbox 1996 4037 2154 4099; x_wconf 84' lang='lat' dir='ltr'>usui:</span> <span class='ocrx_word' id='word_1_203' title='bbox 2193 4038 2263 4099; x_wconf 85' lang='lat' dir='ltr'>In</span> <span class='ocrx_word' id='word_1_204' title='bbox 2299 4038 2372 4099; x_wconf 68' lang='lat' dir='ltr'>iis</span> <span class='ocrx_word' id='word_1_205' title='bbox 2407 4038 2532 4103; x_wconf 83' lang='lat' dir='ltr'>scil.</span> <span class='ocrx_word' id='word_1_206' title='bbox 2567 4058 2696 4123; x_wconf 79' lang='lat' dir='ltr'>quae</span> <span class='ocrx_word' id='word_1_207' title='bbox 2727 4034 2868 4103; x_wconf 62' lang='lat' dir='ltr'>cil-E!</span> 
     </span>
     <span class='ocr_line' id='line_1_30' title="bbox 870 4126 1736 4202; baseline 0.002 -12"><span class='ocrx_word' id='word_1_208' title='bbox 870 4142 1029 4191; x_wconf 81' lang='lat' dir='ltr'>extra</span> <span class='ocrx_word' id='word_1_209' title='bbox 1056 4126 1273 4191; x_wconf 80' lang='lat' dir='ltr'>Drama</span> <span class='ocrx_word' id='word_1_210' title='bbox 1300 4130 1615 4202; x_wconf 81' lang='lat' dir='ltr'>evenerint,</span> <span class='ocrx_word' id='word_1_211' title='bbox 1644 4131 1736 4193; x_wconf 88' lang='lat' dir='ltr'>vel</span> 
     </span>
    </p>

    <p class='ocr_par' dir='ltr' id='par_1_9' title="bbox 951 4210 2341 4298">
     <span class='ocr_line' id='line_1_31' title="bbox 951 4210 2341 4298; baseline 0 -7"><span class='ocrx_word' id='word_1_212' title='bbox 951 4222 981 4291; x_wconf 79' lang='lat'>,⁰</span> <span class='ocrx_word' id='word_1_213' title='bbox 1016 4210 1413 4293; x_wconf 76' lang='lat' dir='ltr'>En&#39;unciantur</span> <span class='ocrx_word' id='word_1_214' title='bbox 1436 4222 1502 4289; x_wconf 82' lang='lat' dir='ltr'>iu</span> <span class='ocrx_word' id='word_1_215' title='bbox 1526 4222 1691 4291; x_wconf 78' lang='lat' dir='ltr'>scena</span> <span class='ocrx_word' id='word_1_216' title='bbox 1706 4247 1727 4298; x_wconf 72' lang='grc' dir='ltr'><strong><em>ς</em></strong></span> <span class='ocrx_word' id='word_1_217' title='bbox 1771 4240 1836 4295; x_wconf 84' lang='lat' dir='ltr'>ut</span> <span class='ocrx_word' id='word_1_218' title='bbox 1860 4242 1990 4294; x_wconf 78' lang='lat' dir='ltr'>ante</span> <span class='ocrx_word' id='word_1_219' title='bbox 2019 4224 2204 4297; x_wconf 61' lang='lat' dir='ltr'>factat</span> <span class='ocrx_word' id='word_1_220' title='bbox 2249 4225 2341 4291; x_wconf 84' lang='lat' dir='ltr'>vel</span> 
     </span>
    </p>
   </div>
   <div class='ocr_carea' id='block_1_6' title="bbox 2777 4338 2886 4441">
    <p class='ocr_par' dir='ltr' id='par_1_10' title="bbox 2777 4338 2886 4441">
     <span class='ocr_line' id='line_1_32' title="bbox 2777 4338 2886 4441; baseline 0 0"><span class='ocrx_word' id='word_1_221' title='bbox 2777 4338 2886 4441; x_wconf 51' lang='lat' dir='ltr'>ur.</span> 
     </span>
    </p>
   </div>
   <div class='ocr_carea' id='block_1_7' title="bbox 3139 4142 3147 4916">
    <p class='ocr_par' dir='ltr' id='par_1_11' title="bbox 3139 4142 3147 4916">
     <span class='ocr_line' id='line_1_33' title="bbox 3139 4142 3147 4916; baseline 0 0"><span class='ocrx_word' id='word_1_222' title='bbox 3139 4142 3147 4916; x_wconf 95' lang='lat' dir='ltr'> </span> 
     </span>
    </p>
   </div>
  </div>
 </body>
</html>
