3213 5550
400 550 877 632 CAP.v111.
1008 573 1141 628 DE
1238 546 1974 646 POETICA„
2231 581 2386 666 179

544 1055 615 1136 C
656 1055 733 1136 A
774 1054 865 1135 P.
980 1054 1213 1135 VIII.
1602 1053 1676 1134 C
1715 1057 1794 1136 A
1829 1053 1923 1135 Ρ.
2049 1053 2240 1142 XV.

464 1277 603 1360 De
634 1271 972 1354 Moribus
1009 1273 1347 1382 Perstnae
1382 1267 1727 1382 Tragicae
1759 1269 2316 1382 corfirmcmdis.

512 1495 645 1574 De
670 1492 1039 1587 Moribus,
1079 1491 1357 1601 quibus,
1386 1492 1734 1604 praeditae
1739 1495 2151 1606 finguntur
2180 1497 2384 1578 Per-

352 1619 579 1726 anae
630 1618 929 1731 (prout,
987 1615 1063 1696 in
1112 1617 1279 1698 vita
1330 1617 1638 1713 colenda,
1697 1619 1807 1712 hi,
1859 1619 1968 1702 ad
2007 1619 2198 1702 hanc
2232 1645 2388 1700 rem

368 1741 745 1852 proclives
806 1739 925 1849 effi
954 1739 1249 1850 solent3
1330 1741 1460 1833 illi,
1524 1742 1632 1822 ad
1682 1741 1904 1824 aliam
1930 1737 2020 1856 e)
2063 1737 2390 1850 primhm

380 1883 636 1958 notat,
692 1866 899 1970 Qae,
958 1863 1205 1943 Poetis
1260 1863 1722 1966 Custodienda
1747 1865 1946 1970 stnt,
2005 1868 2081 1946 in
2127 1863 2386 1946 Mori-

382 1987 525 2069 bus
562 1987 783 2082 bonis,
842 1987 893 2066 ὰ
918 2004 1097 2096 par.
1156 2013 1183 2068 1
1200 1999 1277 2078 ’ς
1339 2007 1413 2067 et
1449 1989 1638 2094 ἔζησε
1674 1990 1750 2069 F
1750 1987 2056 2095 ugienda
2094 1989 2172 2068 in
2207 2013 2382 2070 con-

382 2111 683 2203 traritk,
725 2109 776 2190 a*
800 2129 981 2222 par.
1023 2137 1115 2221 7:
1190 2109 1481 2192 Deinde)
1518 2110 1974 2206 Methodum,
2015 2129 2090 2190 et
2129 2113 2384 2217 Regu·-

380 2237 499 2317 Ias
548 2234 884 2348 quasdam
920 2235 1263 2343 proponit
1314 2233 1399 2315 de
1435 2231 1776 2318 Moribus
1819 2237 1992 2346 apt>
2027 2233 2384 2346 politffque

383 2358 891 2472 exprimendis,
948 2356 999 2440 ἃ
1020 2375 1203 2469 par.
1256 2385 1287 2441 1
1300 2386 1381 2442 0.

596 2609 795 2690 AET
816 2609 883 2688 E
904 2610 1070 2689 RU
1090 2609 1219 2702 M,
1278 2611 1371 2690 de
1404 2607 1673 2705 Indole,
1731 2637 1822 2694 ac
1857 2609 2224 2692 Moribus
2259 2639 2380 2692 eo-

648 2761 841 2825 rum,
901 2745 929 2775 ⁸
964 2735 1095 2847 qui
1135 2733 1726 2829 introducuntur,
1787 2755 2122 2846 quatuor
2171 2735 2380 2831 sunt,

384 2882 567 2965 quae
625 2858 953 2969 spectare
1017 2878 1347 2967 oportet.
1468 2888 1545 2943 2.
1611 2863 1636 2899 ¹
1686 2864 1963 2941 Unum
2023 2860 2382 2969 quidem,

385 2998 467 3060 et
508 2981 854 3089 primum
884 3017 911 3073 3
974 3000 1063 3063 ut
1100 2984 1381 3065 ΒΟΝῙ
1416 2980 1874 3095 commodique
1913 2982 2087 3063 fint.
2147 2984 2175 3021 ¹³
2205 2982 2382 3061 Ex-

384 3102 615 3185 hibet
648 3124 908 3187 autem
949 3108 1268 3219 Persona
1306 3108 1617 3201 Mores;
1679 3110 1800 3214 cuj
1815 3132 1931 3200 us,
1975 3123 2063 3186 ut
2101 3103 2266 3185 dixi
2297 3106 2381 3198 ³⁸⁶,

382 3230 637 3310 oratio
678 3231 801 3313 vel
849 3231 1074 3325 aecio,
1134 3230 1636 3312 manifestum
1684 3231 1950 3313 reddat
1998 3230 2382 3337 confilium,

350 3354 503 3465 stu
553 3354 1163 3464 praeelectionem
1202 3357 1589 3465 quandam
1625 3381 1648 3434 z
1709 3356 1986 3437 Pravos
2025 3352 2381 3473 quidetp,

391 3476 449 3559 fi
484 3506 793 3589 pravam
824 3518 855 3575 3
914 3480 1203 3575 Bonos,
1262 3480 1317 3561 fi
1356 3480 1673 3561 bonam.
1797 3509 1872 3589 3.
1936 3492 1959 3519 ⁶
1999 3482 2194 3559 Sunt
2239 3504 2384 3557 au-

468 3728 497 3759 ⁸
534 3722 791 3803 [ngeniis
816 3720 1145 3802 Moribuspue
1168 3721 1555 3798 Personarum,
1586 3720 1944 3787 conditiones
1975 3734 2118 3781 tren
2173 3736 2226 3779 ι.
2257 3716 2388 3782 sint

394 3818 563 3901 Frugi
586 3836 635 3879 et
662 3808 816 3879 Bont‘.

472 3910 499 3951 ⁵
538 3912 757 3983 Mores,
804 3929 919 3974 tam
948 3912 1111 3984 boni,
1150 3910 1326 3993 quim
1354 3911 1516 3985 mali,
1556 3908 1892 3980 universim,
1933 3910 2056 3993 Qi
2083 3910 2232 3971 sint:
2271 3910 2350 3970 Et

472 4010 513 4045 Ο
1568 4027 1584 4035 -

470 4112 496 4141 ‘
534 4016 777 4187 ggibgs
804 4106 1143 4168 differentiis
1186 4103 1453 4165 distinai.
1519 4104 1727 4185 Qoad
1767 4103 1944 4165 Sexus
1983 4103 2105 4165 scil.
2145 4118 2206 4162 et
2249 4100 2384 4158 For-

398 4207 583 4261 cunas.

1274 4308 1346 4396 Z
1408 4336 1461 4397 2
2227 4319 2404 4401 tem
