3213 5550
892 536 1051 596 202
1392 497 2379 586 ARISTOTELIS
2503 505 2873 595 Carux.

886 683 1129 766 totius
1174 677 1533 772 Fabulae3
1596 685 1620 726 ³
1657 694 1890 786 atque
1939 677 2305 773 Αᾶἰοηε,
2363 677 2552 794 (qub
2583 681 2878 768 Fabula

882 805 994 890 ad
1040 799 1323 887 Finem'
1352 795 1656 911 veniat)
1709 797 1892 882 Una
1942 801 2476 884 contendere:
2539 830 2728 898 non,
2787 825 2880 889 ut

884 928 1095 1041 apud
1154 927 1644 1038 Euripidem,
1706 925 1840 1037 qui
1891 921 2250 1009 interdum
2310 955 2394 1006 ea
2451 926 2657 1022 dicit,
2714 959 2878 1040 quae

776 1087 783 1092 ·
885 1054 1073 1135 alius
1127 1052 1369 1162 quivis
1416 1049 1692 1161 poffl‘m
1752 1048 1878 1128 sed
1946 1065 2038 1128 ut
2099 1049 2306 1159 apud
2369 1049 2870 1226 Sophoclem,

886 1177 1309 1288 ubistmper
1344 1203 1453 1267 ea,
1512 1203 1676 1284 quae
1707 1171 1928 1284 ipsum
1962 1172 2234 1252 decent.

1000 1325 1134 1440 27.
1194 1297 1211 1340 ¹
1254 1296 1610 1406 Reliquis
1639 1315 1898 1376 autem
1939 1289 2297 1406 Τναεέεἰε,
2341 1293 2693 1410 (quorum
2720 1299 2872 1382 alia

886 1416 1135 1530 ratio)
1196 1422 1449 1501 Partes
1510 1419 1762 1514 Char-i,
1821 1445 1992 1528 quae
2039 1449 2090 1500 a
2139 1421 2364 1530 Mag
2335 1420 2594 1530 stratu
2647 1424 2868 1516 datae,

884 1542 1143 1630 nihilo
1195 1544 1441 1654 magis
1503 1543 1679 1626 sunt
1737 1541 2050 1623 Fabulae
2103 1543 2316 1639 illius,
2377 1571 2618 1654 quam
2671 1547 2864 1626 alte-

885 1673 1048 1750 rius
1088 1669 1396 1780 cujtffvis
1436 1667 1898 1778 Tragoediae.
1996 1677 2037 1706 ¹³
2075 1667 2614 1774 Qamobrem
2653 1687 2870 1750 aetate

885 1791 1163 1887 nostra,
1220 1791 1701 1886 Embolima,
1758 1791 1812 1871 i.
1852 1818 1916 1869 e.
1974 1791 2264 1898 Itgserta
2319 1791 2670 1902 quaedam,
2733 1821 2866 1874 ca-

884 1934 1141 1998 nunt:
1203 1942 1541 2024 quorum
1580 1915 1900 2022 quidem
1951 1913 2253 2022 primus
2305 1915 2658 1996 inventor
2710 1913 2866 1998 fuit

885 2035 1231 2152 Agatho.
1349 2043 1848 2147 Qanquam,
1927 2037 2148 2147 Qid
2219 2039 2554 2135 interest,
2631 2042 2865 2150 fiquis

884 2162 1341 2245 Embolima
1376 2178 1658 2257 cantet,
1710 2188 1806 2241 an
1841 2187 1940 2242 ex
1975 2187 2133 2242 uno
2163 2163 2497 2244 Pob'mate
2530 2162 2616 2246 in
2653 2163 2864 2246 aliud

882 2286 1489 2398 Dfieptationem
1524 2286 1835 2397 aliquam
1871 2285 2401 2379 transmoveat,
2461 2303 2595 2368 aut
2646 2288 2863 2371 etiam

882 2409 1345 2520 Episodium
1438 2408 1914 2518 Integrum?
2009 2411 2197 2516 Qae
2269 2410 2482 2521 qua¹m
2553 2410 2863 2524 absttrda

848 2533 1047 2640 fint,
1104 2561 1295 2616 nemo
1348 2533 1671 2642 ignorat.

962 2757 989 2797 ³
1026 2755 1113 2819 Ut
1138 2758 1373 2840 reliquis
1402 2755 1684 2819 asturibus
1707 2773 1940 2835 operam
1967 2755 2088 2829 det,
2127 2755 2401 2839 lugendo,
2429 2755 2694 2826 favendo,
2723 2778 2858 2819 con-

880 2858 1068 2921 filium
1094 2856 1307 2925 dando,
1338 2864 1447 2916 διο.
1474 2855 1591 2934 quo
1623 2851 1841 2913 Fabula
1867 2853 2201 2932 perducatur
2227 2853 2300 2913 ad
2327 2856 2544 2915 exitum
2572 2854 2751 2915 suum.

961 2951 981 2995 ¹
1016 2952 1393 3035 Explodenda
1417 2972 1557 3032 ergo
1583 2964 1837 3009 veterum
1863 2950 2047 3019 ratioz
2089 2970 2332 3029 quorum
2367 2950 2574 3010 Choria
2603 2950 2651 3010 is
2683 2952 2859 3011 sermo

877 3050 1190 3133 aliquando
1236 3050 1423 3119 datus,
1470 3050 1572 3130 qui
1617 3048 1652 3108 ὲ
1693 3068 1754 3107 re
1790 3046 2074 3127 proposita
2115 3048 2352 3117 alienus,
2393 3047 2664 3128 idemque
2699 3068 2854 3111 com·
2967 3110 2974 3117 ,

878 3146 1093 3211 munia.

954 3249 997 3279 ⁸¹
1038 3240 1167 3299 Nec
1206 3236 1447 3299 absimili
1493 3234 1762 3314 exemplo
1805 3234 1940 3312 lapfi
1987 3232 2114 3296 sunt
2155 3234 2417 3296 hodierni
2457 3236 2683 3315 poetaea
2737 3236 2854 3313 Qui

876 3337 1161 3397 Sermonis
1186 3335 1343 3396 illius
1366 3336 1516 3406 loco,
1550 3334 1830 3395 inducunt
1855 3333 2151 3393 cantilena.
2177 3334 2438 3393 Choricae
2463 3354 2644 3414 genus
2676 3336 2852 3415 (quod

872 3432 1215 3493 Inter-calare
1248 3430 1567 3513 appellant)
1606 3431 1682 3493 de
1715 3426 2039 3493 extrinsecis
2082 3430 2271 3507 rebus,
2311 3446 2480 3511 atque
2506 3428 2583 3491 ab
2612 3428 2851 3491 Aelione

872 3527 1154 3606 sejunstis.

2481 4250 2838 4337 cAP.
