3213 5550
819 571 960 652 272
1187 551 1274 628 1⁸
1313 549 1697 626 Ans-ror.
1748 541 1978 626 Lina.
2032 567 2129 626 nn
2184 551 2422 626 Poar.

913 715 960 790 l.
997 715 1262 814 penult.
1325 737 1432 790 Νικ
1435 719 1653 813 lngus]
1724 715 1993 788 Comici
2058 712 2282 809 hujus,
2338 717 2455 811 qui
2524 713 2793 788 Aristo-

813 815 1024 914 phani
1077 835 1466 888 coaetaneus
1517 813 1749 898 fuerit,
1814 815 2417 910 quemadmodum
2484 837 2571 886 ex
2640 811 2793 909 ejus

813 914 1184 986 Scholiaste
1239 917 1308 986 in
1367 915 1819 1010 Argumento
1858 914 1943 984 ad
1990 915 2271 984 Plutum
2306 915 2635 1007 colligere
2667 913 2791 998 est,

812 1014 1208 1086 dramatum
1259 1011 1496 1084 titulos
1553 1011 1940 1108 suppeditat
1988 1011 2256 1084 Fabric.
2310 1013 2391 1084 B.
2428 1011 2553 1084 Gr.
2600 1015 2693 1084 Τ.
2734 1011 2793 1084 1.

809 1131 882 1208 p.
919 1132 1081 1208 739.
1135 1112 1324 1184 Cum
1363 1133 1526 1182 vero
1573 1111 1757 1206 apud
1808 1109 2123 1198 Suidam‚
2176 1110 2634 1196 Athenaeum,
2684 1129 2791 1181 at-

811 1231 952 1304 que
993 1209 1464 1306 Etymologici
1517 1212 1625 1280 M.
1662 1209 2039 1292 auctorem,
2094 1209 2509 1280 Nicochares
2560 1209 2799 1304 appel-

812 1309 1022 1394 letur,
1073 1331 1313 1378 verum
1363 1307 1432 1379 id
1483 1307 1544 1378 ei
1595 1331 1848 1378 nomen
1884 1307 2076 1382 fuifl'e
2108 1306 2545 1380 crediderim.
2631 1306 2799 1380 Pol·

813 1407 956 1480 luci
989 1431 1056 1478 x.
1096 1429 1212 1500 23.
1246 1407 1754 1478 Nicocharmus
1789 1406 2027 1488 audit·
2082 1406 2281 1479 male.

909 1505 1090 1577 lbid.
1119 1503 1407 1599 mmm]
1445 1513 1661 1584 Arum
1696 1510 1873 1580 fmsse
1896 1505 2089 1576 Suid.
2124 1517 2449 1600 nempeir
2464 1499 2797 1579 ῗῖῖυΔῖᾸο

809 1609 910 1694 ὀξῖ
909 1621 1016 1678 azo
991 1639 1042 1680 or
1075 1611 1278 1715 agoge),
1329 1603 1416 1675 de
1457 1627 1600 1700 qua
1638 1603 1836 1676 adeas
1884 1603 2185 1676 Platonis
2237 1579 2666 1676 Phaedonem
2716 1627 2791 1699 p.

819 1701 984 1794 156.
1019 1701 1186 1775 etin
1213 1725 1374 1775 eum
1405 1703 1673 1774 vv.c1.
1704 1701 2091 1776 Forsterum
2116 1724 2188 1774 et
2210 1701 2603 1774 Gottleber.
2654 1702 2799 1774 Sed

809 1799 1064 1874 festum
1125 1800 1280 1886 hoc,
1331 1823 1476 1896 quo
1526 1801 1797 1872 nullum
1845 1799 2085 1894 majori
2136 1799 2397 1872 honore
2432 1797 2799 1897 proseque-

813 1899 1068 1971 bantur
1101 1923 1236 1970 non
1275 1917 1547 1972 tantum
1579 1899 1840 1988 Graeci,
1868 1901 1975 1972 sed
1999 1919 2069 1970 et
2104 1923 2191 1972 ex
2229 1899 2533 1970 barbaris
2562 1897 2799 1994 genti·

811 1999 950 2070 bus
1007 1995 1281 2094 aliquae}
1353 2021 1562 2069 nemo
1614 2019 1797 2070 certe
1850 2009 1922 2078 εἰς
1978 2010 2043 2072 τὶ
2098 2002 2263 2090 χ’ἶςον
2320 2001 2799 2094 repraesentare

811 2097 1237 2170 sustinuifl‘et.
1323 2097 1428 2168 Ea
1461 2119 1745 2194 propter
1768 2096 1999 2169 labem
2038 2095 2148 2168 hic
2172 2120 2307 2168 non
2344 2096 2617 2194 vulgari
2650 2097 2799 2169 arte

813 2195 1294 2268 medicabilem
1357 2195 1615 2274 subesse
1674 2195 2041 2268 affirmavit
2096 2194 2613 2282 Castelvettius,
2676 2208 2797 2270 ἂι-

809 2299 984 2368 am
1039 2317 1402 2392 reponem,
1452 2296 1641 2406 quood
1698 2295 1969 2367 dudum
2018 2291 2423 2390 Sylburgio,
2476 2315 2557 2366 ut
2608 2317 2799 2366 nunc

813 2393 958 2465 mih
963 2391 984 2464 i
1037 2393 1388 2490 (quamvis
1439 2391 1646 2466 unius
1700 2393 1919 2490 Mspti
1970 2393 2377 2464 auctoritate
2432 2415 2801 2466 commen-

810 2492 1060 2580 detur)
1127 2490 1256 2564 sese
1323 2515 1462 2562 non
1527 2493 1875 2590 probavit.
1976 2491 2211 2562 Immo
2286 2489 2556 2565 fortafl‘e
2622 2491 2797 2564 nihil

809 2589 1183 2662 emendato
1211 2613 1416 2698 opus
1467 2593 1587 2676 est,
1648 2592 1769 2664 nifi
1824 2613 1953 2688 pro
1999 2587 2247 2664 Δωυὶι
2302 2589 2534 2684 legere
2596 2591 2793 2664 malis

808 2705 860 2756 Δ
865 2697 1042 2772 »ihm
1117 2685 1312 2781 cujus
1379 2688 1675 2761 nominis
1744 2686 2077 2774 fabulam,
2154 2711 2575 2786 argumento
2628 2689 2797 2762 licet

811 2788 1055 2863 nobis
1039 2807 1496 2884 mcomperto,
1547 2788 1844 2862 docuiffe
1880 2789 2413 2885 Aristophanem
2464 2810 2653 2885 patet
2701 2812 2793 2863 ex

807 2886 1386 2959 Athenaeol.1x.
1439 2904 1512 2959 et
1553 2886 1921 2963 Meursso
1906 2912 1977 2961 m
2016 2886 2236 2959 Catal.
2274 2886 2791 2984 deperditarum

809 2986 1284 3082 Aristophanis
1321 2988 1873 3059 Comoediarum.

905 3110 976 3181 p.
1034 3090 1096 3159 8.
1151 3086 1198 3157 l.
1261 3108 1320 3157 1.
1375 3087 1615 3179 Πέρσας]
1686 3086 2127 3171 Mutinenfis,
2179 3108 2321 3183 qua
2376 3082 2515 3159 fuit
2575 3085 2647 3157 in
2704 3084 2789 3159 li·

809 3182 952 3254 bris
1031 3184 1498 3257 emaculandis
1579 3186 1961 3282 prurigine,
2036 3187 2303 3258 invexit
2380 3184 2519 3257 huc
2601 3185 2791 3281 3923,

805 3283 1184 3375 quendam,
1233 3298 1428 3379 μοχθιι
1429 3288 1526 3379 ρὸν
1580 3284 1790 3373 denda·
1794 3322 1861 3359 m
1917 3284 2222 3381 poetam,
2284 3302 2364 3356 ut
2422 3286 2517 3356 ait
2566 3284 2791 3357 Athe·

807 3402 1030 3465 naeus,
1083 3402 1152 3453 et
1195 3384 1428 3452 locum
1483 3380 1669 3455 hunc
1704 3383 1790 3455 fic
1832 3382 2359 3479 quodammodo
2392 3382 2481 3453 ab
2524 3382 2791 3455 Aristo-

803 3478 938 3550 tele
987 3476 1312 3575 scriptum
1357 3477 1552 3551 fuisse
1595 3482 1974 3554 existimat:
2028 3518 2171 3575 amp
2216 3484 2275 3571 >S
2327 3491 2641 3575 τὲςπαιέγος
2704 3482 2791 3566 aul

803 3577 926 3673 Opu'v
925 3612 969 3659 ες
1023 3584 1164 3671 μιῖἷμ
1129 3614 1288 3652 πται
1331 3586 1606 3665 fita-rimus
1654 3588 1909 3668 aarum
1962 3606 2135 3673 Αςμς
2172 3586 2401 3671 ὅομὶονσ,
2452 3616 2595 3667 mo

801 3711 898 3756 en
949 3696 990 3747 l(
995 3706 1246 3751 υκλωπας
1287 3684 1544 3769 Tipha&
1593 3686 1681 3767 χρὴ
1735 3690 1915 3770 *eabe
1894 3714 1997 3753 m·
2034 3686 2317 3771 pendam
2358 3714 2445 3753 otv-
2536 3678 2789 3751 Benius

797 3777 1010 3846 etiam
1059 3790 1089 3849 b
1133 3784 1380 3863 moue,
1433 3778 1604 3851 ve13
1579 3784 1809 3855 πηοί
1808 3812 1937 3853 m·
1922 3832 1943 3864 ,
2006 3777 2197 3875 quod
2231 3796 2303 3850 et
2338 3774 2489 3849 suos
2524 3778 2789 3873 patitur

798 3898 1061 3949 maneS.

897 3972 1126 4043 Docet
1173 3994 1407 4047 autem
1461 3972 1572 4045 hic
1630 3974 2056 4062 Aristoteles,
2112 3993 2190 4047 ut
2244 3973 2615 4049 commode
2666 3974 2793 4047 ad-

796 4076 1004 4143 vertit
1035 4066 1433 4145 Nunneffus
1459 4071 1531 4145 in
1567 4074 1780 4147 Notis
1818 4074 1945 4145 suis
1982 4074 2065 4146 ad
2102 4074 2327 4148 Procli
2350 4072 2795 4147 Chrestoma·

799 4170 1017 4244 thiam
1071 4196 1140 4269 p.
1191 4176 1308 4270 69.
1363 4172 1496 4245 hoc
1543 4170 1815 4247 differre
1862 4175 2138 4247 Nomos
2190 4198 2231 4247 a
2278 4174 2795 4349 Dithyrambgg,

2580 4295 2681 4369 qu
