<?xml version="1.0" encoding="UTF-8"?>
<!DOCTYPE html PUBLIC "-//W3C//DTD XHTML 1.0 Transitional//EN"
    "http://www.w3.org/TR/xhtml1/DTD/xhtml1-transitional.dtd">
<html xmlns="http://www.w3.org/1999/xhtml" xml:lang="en" lang="en">
 <head>
  <title>
</title>
<meta http-equiv="Content-Type" content="text/html;charset=utf-8" />
  <meta name='ocr-system' content='tesseract 3.04.00' />
  <meta name='ocr-capabilities' content='ocr_page ocr_carea ocr_par ocr_line ocrx_word'/>
</head>
<body>
  <div class='ocr_page' id='page_1' title='image "aristotelisdepo00goulgoog_0023.png"; bbox 0 0 3213 5550; ppageno 0'>
   <div class='ocr_carea' id='block_1_1' title="bbox 359 553 2511 3490">
    <p class='ocr_par' dir='ltr' id='par_1_1' title="bbox 359 553 2511 3490">
     <span class='ocr_line' id='line_1_1' title="bbox 1179 553 1582 646; baseline -0.002 -17"><span class='ocrx_word' id='word_1_1' title='bbox 1179 560 1208 646; x_wconf 91' lang='lat'>(</span> <span class='ocrx_word' id='word_1_2' title='bbox 1311 579 1360 628; x_wconf 83' lang='lat' dir='ltr'>v</span> <span class='ocrx_word' id='word_1_3' title='bbox 1381 553 1448 629; x_wconf 85' lang='lat' dir='ltr'><strong>ii</strong></span> <span class='ocrx_word' id='word_1_4' title='bbox 1551 553 1582 646; x_wconf 90' lang='lat'><em>)</em></span> 
     </span>
     <span class='ocr_line' id='line_1_2' title="bbox 359 699 2385 798; baseline -0.003 -15"><span class='ocrx_word' id='word_1_5' title='bbox 359 705 642 794; x_wconf 50' lang='lat' dir='ltr'><strong>Ju’nmr,</strong></span> <span class='ocrx_word' id='word_1_6' title='bbox 667 709 756 792; x_wconf 63' lang='lat' dir='ltr'><strong>u}</strong></span> <span class='ocrx_word' id='word_1_7' title='bbox 779 704 846 778; x_wconf 72' lang='grc' dir='ltr'><strong>ω’</strong></span> <span class='ocrx_word' id='word_1_8' title='bbox 868 699 1234 798; x_wconf 61' lang='lat' dir='ltr'><strong>usqe-mrim</strong></span> <span class='ocrx_word' id='word_1_9' title='bbox 1253 703 1348 780; x_wconf 67' lang='grc' dir='ltr'><strong>καὶ</strong></span> <span class='ocrx_word' id='word_1_10' title='bbox 1377 699 1606 792; x_wconf 54' lang='grc' dir='ltr'><strong>«πώ-(ς,</strong></span> <span class='ocrx_word' id='word_1_11' title='bbox 1634 701 1719 790; x_wconf 63' lang='lat'><strong>13⁸⁸</strong></span> <span class='ocrx_word' id='word_1_12' title='bbox 1742 708 1853 782; x_wconf 65' lang='grc' dir='ltr'><strong>ὅσα</strong></span> <span class='ocrx_word' id='word_1_13' title='bbox 1884 707 2135 782; x_wconf 58' lang='lat' dir='ltr'><strong>nufia-</strong></span> <span class='ocrx_word' id='word_1_14' title='bbox 2184 707 2385 788; x_wconf 48' lang='lat' dir='ltr'><strong>’Enim</strong></span> 
     </span>
     <span class='ocr_line' id='line_1_3' title="bbox 387 801 2389 901; baseline -0.001 -16"><span class='ocrx_word' id='word_1_15' title='bbox 387 815 453 885; x_wconf 61' lang='grc' dir='ltr'><strong>ἓν</strong></span> <span class='ocrx_word' id='word_1_16' title='bbox 473 807 552 884; x_wconf 62' lang='grc' dir='ltr'><strong>ἶῖἷ</strong></span> <span class='ocrx_word' id='word_1_17' title='bbox 581 805 692 883; x_wconf 66' lang='lat' dir='ltr'><strong>aba&gt;</strong></span> <span class='ocrx_word' id='word_1_18' title='bbox 709 801 962 880; x_wconf 48' lang='lat' dir='ltr'><strong>euti-Suu</strong></span> <span class='ocrx_word' id='word_1_19' title='bbox 983 803 1063 891; x_wconf 61' lang='grc' dir='ltr'><strong><em>ἶῇ</em></strong></span> <span class='ocrx_word' id='word_1_20' title='bbox 1081 813 1128 878; x_wconf 67' lang='lat'><strong>‘1³</strong></span> <span class='ocrx_word' id='word_1_21' title='bbox 1157 809 1402 890; x_wconf 63' lang='grc' dir='ltr'><strong>κφλλίςπ</strong></span> <span class='ocrx_word' id='word_1_22' title='bbox 1423 809 1737 901; x_wconf 54' lang='lat' dir='ltr'><strong>vpeyptfas</strong></span> <span class='ocrx_word' id='word_1_23' title='bbox 1757 815 1833 896; x_wconf 66' lang='grc' dir='ltr'><strong>μὶ</strong></span> <span class='ocrx_word' id='word_1_24' title='bbox 1861 809 2057 892; x_wconf 55' lang='lat' dir='ltr'><strong>infir,</strong></span> <span class='ocrx_word' id='word_1_25' title='bbox 2080 815 2247 881; x_wconf 65' lang='grc' dir='ltr'><strong>ἁλλᾶ</strong></span> <span class='ocrx_word' id='word_1_26' title='bbox 2276 837 2389 883; x_wconf 70' lang='lat' dir='ltr'><strong>m·-</strong></span> 
     </span>
     <span class='ocr_line' id='line_1_4' title="bbox 385 899 2381 1000; baseline -0.002 -17"><span class='ocrx_word' id='word_1_27' title='bbox 385 909 738 1000; x_wconf 60' lang='lat' dir='ltr'><strong>wnwfirlm,</strong></span> <span class='ocrx_word' id='word_1_28' title='bbox 785 899 1016 980; x_wconf 70' lang='grc' dir='ltr'><strong>τωῖτῑω</strong></span> <span class='ocrx_word' id='word_1_29' title='bbox 1059 909 1290 998; x_wconf 68' lang='grc' dir='ltr'><strong><em>φοβιςὸν</em></strong></span> <span class='ocrx_word' id='word_1_30' title='bbox 1335 910 1424 992; x_wconf 59' lang='grc' dir='ltr'><strong>υἱ</strong></span> <span class='ocrx_word' id='word_1_31' title='bbox 1473 911 1683 983; x_wconf 53' lang='lat' dir='ltr'><strong>aar&amp;</strong></span> <span class='ocrx_word' id='word_1_32' title='bbox 1728 905 1809 992; x_wconf 57' lang='lat' dir='ltr'><strong>{D</strong></span> <span class='ocrx_word' id='word_1_33' title='bbox 1858 908 2185 998; x_wconf 57' lang='lat' dir='ltr'><strong>mmmm,</strong></span> <span class='ocrx_word' id='word_1_34' title='bbox 2236 903 2381 980; x_wconf 59' lang='lat' dir='ltr'><strong>&amp;a</strong></span> 
     </span>
     <span class='ocr_line' id='line_1_5' title="bbox 387 999 2395 1102; baseline -0.001 -21"><span class='ocrx_word' id='word_1_35' title='bbox 387 1005 776 1081; x_wconf 87' lang='lat' dir='ltr'><strong>Ostendere</strong></span> <span class='ocrx_word' id='word_1_36' title='bbox 805 1025 978 1099; x_wconf 88' lang='lat' dir='ltr'><strong>ergo</strong></span> <span class='ocrx_word' id='word_1_37' title='bbox 1007 1005 1265 1100; x_wconf 83' lang='lat' dir='ltr'><strong>pergit,</strong></span> <span class='ocrx_word' id='word_1_38' title='bbox 1295 1001 1905 1102; x_wconf 83' lang='lat' dir='ltr'><strong>(quandoquidem</strong></span> <span class='ocrx_word' id='word_1_39' title='bbox 1930 1027 2023 1077; x_wconf 81' lang='lat' dir='ltr'><strong>ex</strong></span> <span class='ocrx_word' id='word_1_40' title='bbox 2052 999 2193 1100; x_wconf 79' lang='lat' dir='ltr'><strong>ipsa</strong></span> <span class='ocrx_word' id='word_1_41' title='bbox 2223 1029 2395 1079; x_wconf 86' lang='lat' dir='ltr'><strong>con·</strong></span> 
     </span>
     <span class='ocr_line' id='line_1_6' title="bbox 387 1101 2395 1202; baseline -0.002 -23"><span class='ocrx_word' id='word_1_42' title='bbox 387 1104 774 1190; x_wconf 87' lang='lat' dir='ltr'><strong>stitutione,</strong></span> <span class='ocrx_word' id='word_1_43' title='bbox 827 1101 1000 1176; x_wconf 85' lang='lat' dir='ltr'><strong>ficut</strong></span> <span class='ocrx_word' id='word_1_44' title='bbox 1057 1102 1222 1176; x_wconf 85' lang='lat' dir='ltr'><strong>duae</strong></span> <span class='ocrx_word' id='word_1_45' title='bbox 1261 1101 1643 1199; x_wconf 86' lang='lat' dir='ltr'>superiores</span> <span class='ocrx_word' id='word_1_46' title='bbox 1695 1125 1955 1200; x_wconf 83' lang='lat' dir='ltr'><strong>partes,</strong></span> <span class='ocrx_word' id='word_1_47' title='bbox 2008 1103 2163 1176; x_wconf 85' lang='lat' dir='ltr'><strong>haec</strong></span> <span class='ocrx_word' id='word_1_48' title='bbox 2209 1127 2395 1202; x_wconf 84' lang='lat' dir='ltr'><strong>quo·</strong></span> 
     </span>
     <span class='ocr_line' id='line_1_7' title="bbox 387 1200 2393 1304; baseline -0.001 -26"><span class='ocrx_word' id='word_1_49' title='bbox 387 1229 538 1304; x_wconf 88' lang='lat' dir='ltr'><strong>que</strong></span> <span class='ocrx_word' id='word_1_50' title='bbox 570 1203 670 1278; x_wconf 88' lang='lat' dir='ltr'><strong>est</strong></span> <span class='ocrx_word' id='word_1_51' title='bbox 717 1202 1052 1299; x_wconf 85' lang='lat' dir='ltr'><strong>petenda)</strong></span> <span class='ocrx_word' id='word_1_52' title='bbox 1085 1201 1308 1300; x_wconf 79' lang='lat' dir='ltr'><strong>qualis</strong></span> <span class='ocrx_word' id='word_1_53' title='bbox 1351 1203 1410 1274; x_wconf 87' lang='lat' dir='ltr'>F</span> <span class='ocrx_word' id='word_1_54' title='bbox 1411 1200 1643 1276; x_wconf 82' lang='lat' dir='ltr'><strong>abulae</strong></span> <span class='ocrx_word' id='word_1_55' title='bbox 1683 1201 2085 1278; x_wconf 87' lang='lat' dir='ltr'><strong>constitutio</strong></span> <span class='ocrx_word' id='word_1_56' title='bbox 2114 1225 2393 1302; x_wconf 88' lang='lat' dir='ltr'><strong>pertur-</strong></span> 
     </span>
     <span class='ocr_line' id='line_1_8' title="bbox 393 1298 2393 1394; baseline -0.002 -15"><span class='ocrx_word' id='word_1_57' title='bbox 393 1303 754 1394; x_wconf 73' lang='lat' dir='ltr'><strong>bationem</strong></span> <span class='ocrx_word' id='word_1_58' title='bbox 787 1300 1102 1386; x_wconf 75' lang='lat' dir='ltr'><strong>adferat3</strong></span> <span class='ocrx_word' id='word_1_59' title='bbox 1202 1301 1346 1374; x_wconf 93' lang='lat' dir='ltr'><strong>uod</strong></span> <span class='ocrx_word' id='word_1_60' title='bbox 1383 1298 1728 1389; x_wconf 85' lang='lat' dir='ltr'><strong>futurum,</strong></span> <span class='ocrx_word' id='word_1_61' title='bbox 1782 1301 1903 1389; x_wconf 80' lang='lat' dir='ltr'><strong>ait,</strong></span> <span class='ocrx_word' id='word_1_62' title='bbox 1955 1305 2007 1378; x_wconf 85' lang='lat' dir='ltr'><strong>fi</strong></span> <span class='ocrx_word' id='word_1_63' title='bbox 2038 1325 2167 1377; x_wconf 89' lang='lat' dir='ltr'><strong>nec</strong></span> <span class='ocrx_word' id='word_1_64' title='bbox 2220 1301 2393 1377; x_wconf 90' lang='lat' dir='ltr'><strong>boni</strong></span> 
     </span>
     <span class='ocr_line' id='line_1_9' title="bbox 389 1398 2391 1498; baseline -0.001 -22"><span class='ocrx_word' id='word_1_65' title='bbox 389 1403 524 1476; x_wconf 80' lang='lat' dir='ltr'><strong>viri</strong></span> <span class='ocrx_word' id='word_1_66' title='bbox 557 1401 596 1476; x_wconf 81' lang='grc' dir='ltr'>ὲ</span> <span class='ocrx_word' id='word_1_67' title='bbox 627 1400 959 1476; x_wconf 85' lang='lat' dir='ltr'><strong>felicitate</strong></span> <span class='ocrx_word' id='word_1_68' title='bbox 997 1398 1070 1473; x_wconf 90' lang='lat' dir='ltr'><strong>in</strong></span> <span class='ocrx_word' id='word_1_69' title='bbox 1200 1399 1460 1474; x_wconf 84' lang='lat' dir='ltr'><strong>versam</strong></span> <span class='ocrx_word' id='word_1_70' title='bbox 1483 1453 1508 1489; x_wconf 91' lang='lat'><strong>,</strong></span> <span class='ocrx_word' id='word_1_71' title='bbox 1559 1425 1689 1474; x_wconf 88' lang='lat' dir='ltr'><strong>nec</strong></span> <span class='ocrx_word' id='word_1_72' title='bbox 1724 1401 2031 1498; x_wconf 87' lang='lat' dir='ltr'>improbi</span> <span class='ocrx_word' id='word_1_73' title='bbox 2077 1426 2165 1477; x_wconf 83' lang='lat' dir='ltr'><strong>ex</strong></span> <span class='ocrx_word' id='word_1_74' title='bbox 2210 1401 2391 1475; x_wconf 87' lang='lat' dir='ltr'><strong>infe-</strong></span> 
     </span>
     <span class='ocr_line' id='line_1_10' title="bbox 393 1497 2395 1599; baseline -0.002 -21"><span class='ocrx_word' id='word_1_75' title='bbox 393 1503 659 1578; x_wconf 79' lang='lat' dir='ltr'><strong>licitate</strong></span> <span class='ocrx_word' id='word_1_76' title='bbox 694 1501 766 1574; x_wconf 87' lang='lat' dir='ltr'><strong>in</strong></span> <span class='ocrx_word' id='word_1_77' title='bbox 807 1497 1203 1586; x_wconf 87' lang='lat' dir='ltr'><strong>secundam,</strong></span> <span class='ocrx_word' id='word_1_78' title='bbox 1261 1522 1492 1596; x_wconf 87' lang='lat' dir='ltr'><strong>neque</strong></span> <span class='ocrx_word' id='word_1_79' title='bbox 1527 1501 1731 1574; x_wconf 84' lang='lat' dir='ltr'><strong>valde</strong></span> <span class='ocrx_word' id='word_1_80' title='bbox 1765 1500 2069 1599; x_wconf 85' lang='lat' dir='ltr'><strong>improbi</strong></span> <span class='ocrx_word' id='word_1_81' title='bbox 2092 1499 2139 1573; x_wconf 79' lang='grc' dir='ltr'><strong>’ὲ</strong></span> <span class='ocrx_word' id='word_1_82' title='bbox 2172 1499 2395 1576; x_wconf 87' lang='lat' dir='ltr'><strong>felici-</strong></span> 
     </span>
     <span class='ocr_line' id='line_1_11' title="bbox 393 1597 2395 1698; baseline -0.002 -20"><span class='ocrx_word' id='word_1_83' title='bbox 393 1621 540 1678; x_wconf 83' lang='lat' dir='ltr'><strong>tate</strong></span> <span class='ocrx_word' id='word_1_84' title='bbox 573 1602 648 1676; x_wconf 91' lang='lat' dir='ltr'><strong>in</strong></span> <span class='ocrx_word' id='word_1_85' title='bbox 681 1597 1042 1674; x_wconf 85' lang='lat' dir='ltr'><strong>adversam</strong></span> <span class='ocrx_word' id='word_1_86' title='bbox 1065 1598 1376 1672; x_wconf 82' lang='lat' dir='ltr'>incidant</span> <span class='ocrx_word' id='word_1_87' title='bbox 1399 1597 1785 1688; x_wconf 84' lang='lat' dir='ltr'><strong>fortunam,</strong></span> <span class='ocrx_word' id='word_1_88' title='bbox 1808 1599 1923 1674; x_wconf 90' lang='lat' dir='ltr'><strong>sed</strong></span> <span class='ocrx_word' id='word_1_89' title='bbox 1952 1622 2119 1674; x_wconf 89' lang='lat' dir='ltr'><strong>cum</strong></span> <span class='ocrx_word' id='word_1_90' title='bbox 2148 1601 2395 1698; x_wconf 85' lang='lat' dir='ltr'><strong>aliquis</strong></span> 
     </span>
     <span class='ocr_line' id='line_1_12' title="bbox 393 1697 2401 1797; baseline -0.003 -20"><span class='ocrx_word' id='word_1_91' title='bbox 393 1725 670 1788; x_wconf 83' lang='lat' dir='ltr'><strong>eorum,</strong></span> <span class='ocrx_word' id='word_1_92' title='bbox 720 1699 850 1797; x_wconf 85' lang='lat' dir='ltr'><strong>qui</strong></span> <span class='ocrx_word' id='word_1_93' title='bbox 905 1697 978 1772; x_wconf 87' lang='lat' dir='ltr'><strong>in</strong></span> <span class='ocrx_word' id='word_1_94' title='bbox 1029 1697 1372 1796; x_wconf 77' lang='lat' dir='ltr'><strong>dignitate</strong></span> <span class='ocrx_word' id='word_1_95' title='bbox 1419 1699 1495 1772; x_wconf 75' lang='grc' dir='ltr'><strong>ὅτ</strong></span> <span class='ocrx_word' id='word_1_96' title='bbox 1537 1698 1834 1772; x_wconf 88' lang='lat' dir='ltr'><strong>secunda</strong></span> <span class='ocrx_word' id='word_1_97' title='bbox 1867 1699 2225 1774; x_wconf 82' lang='lat' dir='ltr'>versantur</span> <span class='ocrx_word' id='word_1_98' title='bbox 2254 1697 2401 1772; x_wconf 81' lang='lat' dir='ltr'><strong>for·</strong></span> 
     </span>
     <span class='ocr_line' id='line_1_13' title="bbox 399 1794 2397 1893; baseline -0.002 -17"><span class='ocrx_word' id='word_1_99' title='bbox 399 1823 598 1888; x_wconf 86' lang='lat' dir='ltr'><strong>tuna,</strong></span> <span class='ocrx_word' id='word_1_100' title='bbox 649 1799 912 1872; x_wconf 87' lang='lat' dir='ltr'><strong>virtute</strong></span> <span class='ocrx_word' id='word_1_101' title='bbox 943 1819 1182 1872; x_wconf 86' lang='lat' dir='ltr'><strong>tamen</strong></span> <span class='ocrx_word' id='word_1_102' title='bbox 1225 1797 1304 1871; x_wconf 86' lang='lat'>&amp;</span> <span class='ocrx_word' id='word_1_103' title='bbox 1351 1794 1615 1893; x_wconf 83' lang='lat' dir='ltr'><strong>justitia</strong></span> <span class='ocrx_word' id='word_1_104' title='bbox 1656 1823 1797 1874; x_wconf 88' lang='lat' dir='ltr'><strong>non</strong></span> <span class='ocrx_word' id='word_1_105' title='bbox 1832 1798 2137 1872; x_wconf 86' lang='lat' dir='ltr'><strong>nimium</strong></span> <span class='ocrx_word' id='word_1_106' title='bbox 2166 1799 2397 1872; x_wconf 82' lang='lat' dir='ltr'><strong>excel-</strong></span> 
     </span>
     <span class='ocr_line' id='line_1_14' title="bbox 397 1897 2391 1996; baseline -0.002 -20"><span class='ocrx_word' id='word_1_107' title='bbox 397 1903 503 1989; x_wconf 88' lang='lat' dir='ltr'><strong>lit,</strong></span> <span class='ocrx_word' id='word_1_108' title='bbox 555 1923 700 1974; x_wconf 85' lang='lat' dir='ltr'><strong>non</strong></span> <span class='ocrx_word' id='word_1_109' title='bbox 755 1898 1044 1995; x_wconf 88' lang='lat' dir='ltr'><strong>quidem</strong></span> <span class='ocrx_word' id='word_1_110' title='bbox 1102 1899 1198 1971; x_wconf 93' lang='lat' dir='ltr'><strong>ob</strong></span> <span class='ocrx_word' id='word_1_111' title='bbox 1253 1897 1805 1994; x_wconf 82' lang='lat' dir='ltr'><strong>improbitatem,</strong></span> <span class='ocrx_word' id='word_1_112' title='bbox 1864 1897 1981 1972; x_wconf 90' lang='lat' dir='ltr'><strong>sed</strong></span> <span class='ocrx_word' id='word_1_113' title='bbox 2022 1898 2391 1996; x_wconf 79' lang='lat' dir='ltr'><strong>flagitium</strong></span> 
     </span>
     <span class='ocr_line' id='line_1_15' title="bbox 397 1995 2391 2097; baseline -0.003 -22"><span class='ocrx_word' id='word_1_114' title='bbox 397 2000 685 2097; x_wconf 77' lang='lat' dir='ltr'><strong>aliquod</strong></span> <span class='ocrx_word' id='word_1_115' title='bbox 761 1997 1054 2096; x_wconf 77' lang='lat' dir='ltr'><strong>insigne,</strong></span> <span class='ocrx_word' id='word_1_116' title='bbox 1130 1996 1202 2070; x_wconf 89' lang='lat' dir='ltr'><strong>in</strong></span> <span class='ocrx_word' id='word_1_117' title='bbox 1269 1995 1629 2072; x_wconf 85' lang='lat' dir='ltr'><strong>adversam</strong></span> <span class='ocrx_word' id='word_1_118' title='bbox 1708 1999 1953 2072; x_wconf 87' lang='lat' dir='ltr'><strong>incidit</strong></span> <span class='ocrx_word' id='word_1_119' title='bbox 2008 1995 2391 2072; x_wconf 85' lang='lat' dir='ltr'><strong>fortunam.</strong></span> 
     </span>
     <span class='ocr_line' id='line_1_16' title="bbox 401 2095 2391 2202; baseline -0.002 -30"><span class='ocrx_word' id='word_1_120' title='bbox 401 2103 648 2202; x_wconf 82' lang='lat' dir='ltr'><strong>Qare</strong></span> <span class='ocrx_word' id='word_1_121' title='bbox 695 2099 774 2170; x_wconf 76' lang='grc' dir='ltr'><strong>ὅτ</strong></span> <span class='ocrx_word' id='word_1_122' title='bbox 821 2097 1180 2194; x_wconf 85' lang='lat' dir='ltr'><strong>deinceps,</strong></span> <span class='ocrx_word' id='word_1_123' title='bbox 1231 2119 1372 2170; x_wconf 86' lang='lat' dir='ltr'><strong>non</strong></span> <span class='ocrx_word' id='word_1_124' title='bbox 1405 2121 1650 2171; x_wconf 88' lang='lat' dir='ltr'><strong>omnes</strong></span> <span class='ocrx_word' id='word_1_125' title='bbox 1687 2096 2056 2170; x_wconf 80' lang='lat' dir='ltr'><strong>admittere</strong></span> <span class='ocrx_word' id='word_1_126' title='bbox 2092 2095 2223 2170; x_wconf 86' lang='lat' dir='ltr'><strong>hoc</strong></span> <span class='ocrx_word' id='word_1_127' title='bbox 2254 2097 2315 2169; x_wconf 91' lang='lat' dir='ltr'>F</span> <span class='ocrx_word' id='word_1_128' title='bbox 2316 2122 2391 2168; x_wconf 87' lang='lat' dir='ltr'><strong>a·</strong></span> 
     </span>
     <span class='ocr_line' id='line_1_17' title="bbox 403 2193 2399 2294; baseline -0.003 -20"><span class='ocrx_word' id='word_1_129' title='bbox 403 2199 638 2284; x_wconf 78' lang='lat' dir='ltr'><strong>bulas,</strong></span> <span class='ocrx_word' id='word_1_130' title='bbox 687 2195 802 2271; x_wconf 91' lang='lat' dir='ltr'><strong>sed</strong></span> <span class='ocrx_word' id='word_1_131' title='bbox 857 2216 1136 2294; x_wconf 79' lang='lat' dir='ltr'><strong>paucas,</strong></span> <span class='ocrx_word' id='word_1_132' title='bbox 1205 2194 1278 2268; x_wconf 88' lang='lat' dir='ltr'><strong>in</strong></span> <span class='ocrx_word' id='word_1_133' title='bbox 1335 2195 1600 2292; x_wconf 81' lang='lat' dir='ltr'><strong>quibus</strong></span> <span class='ocrx_word' id='word_1_134' title='bbox 1657 2214 2045 2294; x_wconf 87' lang='lat' dir='ltr'><strong>propterea,</strong></span> <span class='ocrx_word' id='word_1_135' title='bbox 2115 2193 2399 2292; x_wconf 85' lang='lat' dir='ltr'><strong>reliquis</strong></span> 
     </span>
     <span class='ocr_line' id='line_1_18' title="bbox 403 2293 2511 2392; baseline -0.004 -16"><span class='ocrx_word' id='word_1_136' title='bbox 403 2297 687 2386; x_wconf 65' lang='lat' dir='ltr'><strong>relictis,</strong></span> <span class='ocrx_word' id='word_1_137' title='bbox 711 2295 1000 2392; x_wconf 82' lang='lat' dir='ltr'><strong>Tragici</strong></span> <span class='ocrx_word' id='word_1_138' title='bbox 1031 2295 1262 2392; x_wconf 62' lang='lat' dir='ltr'><strong>poeta:</strong></span> <span class='ocrx_word' id='word_1_139' title='bbox 1293 2293 1753 2385; x_wconf 84' lang='lat' dir='ltr'><strong>versarentur,</strong></span> <span class='ocrx_word' id='word_1_140' title='bbox 1785 2295 2105 2370; x_wconf 89' lang='lat' dir='ltr'><strong>ostendit.</strong></span> <span class='ocrx_word' id='word_1_141' title='bbox 2159 2295 2401 2368; x_wconf 87' lang='lat' dir='ltr'><strong>Etiam</strong></span> <span class='ocrx_word' id='word_1_142' title='bbox 2502 2305 2511 2312; x_wconf 82' lang='grc'><strong>’</strong></span> 
     </span>
     <span class='ocr_line' id='line_1_19' title="bbox 401 2393 2399 2493; baseline -0.004 -17"><span class='ocrx_word' id='word_1_143' title='bbox 401 2399 690 2476; x_wconf 84' lang='lat' dir='ltr'><strong>laudem</strong></span> <span class='ocrx_word' id='word_1_144' title='bbox 721 2403 820 2478; x_wconf 65' lang='lat' dir='ltr'><strong>m</strong></span> <span class='ocrx_word' id='word_1_145' title='bbox 849 2399 1044 2470; x_wconf 62' lang='lat' dir='ltr'><strong>ora-331</strong></span> <span class='ocrx_word' id='word_1_146' title='bbox 1075 2393 1396 2493; x_wconf 85' lang='lat' dir='ltr'><strong>Euripidi</strong></span> <span class='ocrx_word' id='word_1_147' title='bbox 1429 2394 1809 2492; x_wconf 86' lang='lat' dir='ltr'><strong>relinquit:</strong></span> <span class='ocrx_word' id='word_1_148' title='bbox 1862 2395 2058 2492; x_wconf 86' lang='lat' dir='ltr'><strong>quod</strong></span> <span class='ocrx_word' id='word_1_149' title='bbox 2106 2417 2399 2472; x_wconf 83' lang='lat' dir='ltr'><strong>movere</strong></span> 
     </span>
     <span class='ocr_line' id='line_1_20' title="bbox 499 2493 2399 2592; baseline -0.002 -22"><span class='ocrx_word' id='word_1_150' title='bbox 499 2493 966 2570; x_wconf 86' lang='lat' dir='ltr'><strong>rturbationes</strong></span> <span class='ocrx_word' id='word_1_151' title='bbox 1001 2493 1072 2566; x_wconf 92' lang='lat' dir='ltr'><strong>in</strong></span> <span class='ocrx_word' id='word_1_152' title='bbox 1111 2493 1376 2583; x_wconf 84' lang='lat' dir='ltr'><strong>animo,</strong></span> <span class='ocrx_word' id='word_1_153' title='bbox 1425 2493 1838 2592; x_wconf 81' lang='lat' dir='ltr'><strong>Tragoediae</strong></span> <span class='ocrx_word' id='word_1_154' title='bbox 1882 2495 1966 2566; x_wconf 80' lang='lat' dir='ltr'><strong>lit</strong></span> <span class='ocrx_word' id='word_1_155' title='bbox 2008 2494 2399 2592; x_wconf 84' lang='lat' dir='ltr'><strong>proprium.</strong></span> 
     </span>
     <span class='ocr_line' id='line_1_21' title="bbox 405 2524 2407 2713; baseline -0.002 -41"><span class='ocrx_word' id='word_1_156' title='bbox 405 2524 510 2672; x_wconf 51' lang='lat' dir='ltr'><strong>{Zet</strong></span> <span class='ocrx_word' id='word_1_157' title='bbox 551 2592 1128 2713; x_wconf 60' lang='lat' dir='ltr'><strong>quandoquidem</strong></span> <span class='ocrx_word' id='word_1_158' title='bbox 1184 2589 1425 2683; x_wconf 58' lang='grc' dir='ltr'><strong>πείθω,</strong></span> <span class='ocrx_word' id='word_1_159' title='bbox 1477 2613 1560 2668; x_wconf 91' lang='lat' dir='ltr'><strong>ut</strong></span> <span class='ocrx_word' id='word_1_160' title='bbox 1610 2617 1699 2666; x_wconf 83' lang='lat' dir='ltr'><strong>ex</strong></span> <span class='ocrx_word' id='word_1_161' title='bbox 1740 2591 2257 2680; x_wconf 86' lang='lat' dir='ltr'><strong>constitutione,</strong></span> <span class='ocrx_word' id='word_1_162' title='bbox 2307 2591 2407 2670; x_wconf 81' lang='lat' dir='ltr'><strong>ita</strong></span> 
     </span>
     <span class='ocr_line' id='line_1_22' title="bbox 405 2689 2406 2797; baseline -0.003 -26"><span class='ocrx_word' id='word_1_163' title='bbox 405 2696 836 2797; x_wconf 84' lang='lat' dir='ltr'><strong>potiffimum</strong></span> <span class='ocrx_word' id='word_1_164' title='bbox 869 2717 908 2764; x_wconf 90' lang='lat' dir='ltr'><strong>e</strong></span> <span class='ocrx_word' id='word_1_165' title='bbox 937 2689 1284 2767; x_wconf 83' lang='lat' dir='ltr'><strong>felicitatis</strong></span> <span class='ocrx_word' id='word_1_166' title='bbox 1325 2693 1392 2766; x_wconf 94' lang='lat' dir='ltr'><strong>in</strong></span> <span class='ocrx_word' id='word_1_167' title='bbox 1443 2691 1795 2766; x_wconf 88' lang='lat' dir='ltr'><strong>adversam</strong></span> <span class='ocrx_word' id='word_1_168' title='bbox 1841 2691 2197 2766; x_wconf 83' lang='lat' dir='ltr'><strong>fortunam</strong></span> <span class='ocrx_word' id='word_1_169' title='bbox 2244 2715 2406 2765; x_wconf 88' lang='lat' dir='ltr'><strong>mu-</strong></span> 
     </span>
     <span class='ocr_line' id='line_1_23' title="bbox 409 2790 2409 2891; baseline -0.004 -19"><span class='ocrx_word' id='word_1_170' title='bbox 409 2797 699 2883; x_wconf 88' lang='lat' dir='ltr'><strong>tatione,</strong></span> <span class='ocrx_word' id='word_1_171' title='bbox 733 2812 861 2883; x_wconf 77' lang='lat' dir='ltr'><strong>aut</strong></span> <span class='ocrx_word' id='word_1_172' title='bbox 887 2811 1152 2881; x_wconf 85' lang='lat' dir='ltr'><strong>contra,</strong></span> <span class='ocrx_word' id='word_1_173' title='bbox 1201 2790 1523 2881; x_wconf 87' lang='lat' dir='ltr'><strong>nascitur,</strong></span> <span class='ocrx_word' id='word_1_174' title='bbox 1555 2792 1848 2891; x_wconf 77' lang='lat' dir='ltr'><strong>aliaeque</strong></span> <span class='ocrx_word' id='word_1_175' title='bbox 1883 2791 2409 2867; x_wconf 79' lang='lat' dir='ltr'><strong>constitutiones</strong></span> 
     </span>
     <span class='ocr_line' id='line_1_24' title="bbox 413 2890 2411 2995; baseline -0.004 -24"><span class='ocrx_word' id='word_1_176' title='bbox 413 2897 782 2995; x_wconf 69' lang='lat' dir='ltr'><strong>fimpliceS,</strong></span> <span class='ocrx_word' id='word_1_177' title='bbox 834 2893 988 2967; x_wconf 85' lang='lat' dir='ltr'><strong>aliae</strong></span> <span class='ocrx_word' id='word_1_178' title='bbox 1015 2890 1173 2966; x_wconf 90' lang='lat' dir='ltr'><strong>sunt</strong></span> <span class='ocrx_word' id='word_1_179' title='bbox 1208 2892 1576 2990; x_wconf 85' lang='lat' dir='ltr'><strong>duplices;</strong></span> <span class='ocrx_word' id='word_1_180' title='bbox 1630 2892 1701 2965; x_wconf 89' lang='lat' dir='ltr'><strong>in</strong></span> <span class='ocrx_word' id='word_1_181' title='bbox 1735 2891 1993 2989; x_wconf 82' lang='lat' dir='ltr'><strong>quibus</strong></span> <span class='ocrx_word' id='word_1_182' title='bbox 2030 2916 2170 2965; x_wconf 91' lang='lat' dir='ltr'><strong>non</strong></span> <span class='ocrx_word' id='word_1_183' title='bbox 2194 2892 2411 2965; x_wconf 87' lang='lat' dir='ltr'><strong>modo</strong></span> 
     </span>
     <span class='ocr_line' id='line_1_25' title="bbox 413 2990 2411 3089; baseline -0.004 -19"><span class='ocrx_word' id='word_1_184' title='bbox 413 2998 486 3070; x_wconf 88' lang='lat' dir='ltr'><strong>in</strong></span> <span class='ocrx_word' id='word_1_185' title='bbox 545 2992 900 3068; x_wconf 83' lang='lat' dir='ltr'><strong>adversam</strong></span> <span class='ocrx_word' id='word_1_186' title='bbox 965 2992 1268 3089; x_wconf 88' lang='lat' dir='ltr'><strong>improbi</strong></span> <span class='ocrx_word' id='word_1_187' title='bbox 1329 2992 1651 3065; x_wconf 92' lang='lat' dir='ltr'><strong>incidunt</strong></span> <span class='ocrx_word' id='word_1_188' title='bbox 1712 2990 2093 3078; x_wconf 88' lang='lat' dir='ltr'><strong>fortunam,</strong></span> <span class='ocrx_word' id='word_1_189' title='bbox 2162 2990 2275 3064; x_wconf 88' lang='lat' dir='ltr'><strong>sed</strong></span> <span class='ocrx_word' id='word_1_190' title='bbox 2331 2991 2411 3063; x_wconf 76' lang='grc' dir='ltr'><strong>δε</strong></span> 
     </span>
     <span class='ocr_line' id='line_1_26' title="bbox 414 3088 2409 3193; baseline -0.003 -24"><span class='ocrx_word' id='word_1_191' title='bbox 414 3094 619 3193; x_wconf 89' lang='lat' dir='ltr'><strong>probi</strong></span> <span class='ocrx_word' id='word_1_192' title='bbox 655 3094 836 3165; x_wconf 87' lang='lat' dir='ltr'><strong>fiunt</strong></span> <span class='ocrx_word' id='word_1_193' title='bbox 867 3090 1101 3165; x_wconf 87' lang='lat' dir='ltr'><strong>felices</strong></span> <span class='ocrx_word' id='word_1_194' title='bbox 1153 3090 1358 3181; x_wconf 87' lang='lat' dir='ltr'><strong>(licut</strong></span> <span class='ocrx_word' id='word_1_195' title='bbox 1387 3090 1754 3189; x_wconf 84' lang='lat' dir='ltr'><strong>AEgisthus</strong></span> <span class='ocrx_word' id='word_1_196' title='bbox 1795 3090 1872 3163; x_wconf 75' lang='grc' dir='ltr'><strong>δι</strong></span> <span class='ocrx_word' id='word_1_197' title='bbox 1905 3088 2409 3187; x_wconf 80' lang='lat' dir='ltr'><strong>clytemnestra</strong></span> 
     </span>
     <span class='ocr_line' id='line_1_27' title="bbox 371 3186 2407 3290; baseline -0.005 -21"><span class='ocrx_word' id='word_1_198' title='bbox 371 3218 384 3227; x_wconf 92' lang='lat'><strong>·</strong></span> <span class='ocrx_word' id='word_1_199' title='bbox 421 3194 668 3279; x_wconf 88' lang='lat' dir='ltr'><strong>miseri,</strong></span> <span class='ocrx_word' id='word_1_200' title='bbox 717 3192 996 3265; x_wconf 85' lang='lat' dir='ltr'><strong>Orestes</strong></span> <span class='ocrx_word' id='word_1_201' title='bbox 1027 3190 1103 3263; x_wconf 75' lang='grc' dir='ltr'><strong>ὅτ</strong></span> <span class='ocrx_word' id='word_1_202' title='bbox 1135 3190 1410 3265; x_wconf 62' lang='lat' dir='ltr'><strong>Electra</strong></span> <span class='ocrx_word' id='word_1_203' title='bbox 1433 3190 1621 3290; x_wconf 86' lang='lat' dir='ltr'><strong>apud</strong></span> <span class='ocrx_word' id='word_1_204' title='bbox 1656 3188 2102 3287; x_wconf 87' lang='lat' dir='ltr'><strong>Sophoclem,</strong></span> <span class='ocrx_word' id='word_1_205' title='bbox 2136 3186 2407 3279; x_wconf 82' lang='lat' dir='ltr'><strong>felices)</strong></span> 
     </span>
     <span class='ocr_line' id='line_1_28' title="bbox 420 3288 2413 3389; baseline -0.003 -22"><span class='ocrx_word' id='word_1_206' title='bbox 420 3292 984 3367; x_wconf 77' lang='lat' dir='ltr'><strong>constitutionem</strong></span> <span class='ocrx_word' id='word_1_207' title='bbox 1018 3290 1228 3363; x_wconf 89' lang='lat' dir='ltr'><strong>talem</strong></span> <span class='ocrx_word' id='word_1_208' title='bbox 1261 3290 1554 3389; x_wconf 82' lang='lat' dir='ltr'><strong>fimplici</strong></span> <span class='ocrx_word' id='word_1_209' title='bbox 1586 3288 2169 3389; x_wconf 86' lang='lat' dir='ltr'><strong>postponendam,</strong></span> <span class='ocrx_word' id='word_1_210' title='bbox 2219 3306 2413 3363; x_wconf 88' lang='lat' dir='ltr'><strong>certe</strong></span> 
     </span>
     <span class='ocr_line' id='line_1_29' title="bbox 427 3391 1225 3490; baseline -0.004 -25"><span class='ocrx_word' id='word_1_211' title='bbox 427 3392 496 3467; x_wconf 87' lang='lat' dir='ltr'><strong>in</strong></span> <span class='ocrx_word' id='word_1_212' title='bbox 527 3391 944 3490; x_wconf 83' lang='lat' dir='ltr'><strong>Tragoedia,</strong></span> <span class='ocrx_word' id='word_1_213' title='bbox 995 3391 1225 3463; x_wconf 87' lang='lat' dir='ltr'><strong>docet.</strong></span> 
     </span>
    </p>
   </div>
   <div class='ocr_carea' id='block_1_2' title="bbox 1110 3536 1723 3611">
    <p class='ocr_par' dir='ltr' id='par_1_2' title="bbox 1110 3536 1723 3611">
     <span class='ocr_line' id='line_1_30' title="bbox 1110 3536 1723 3611; baseline 0 0"><span class='ocrx_word' id='word_1_214' title='bbox 1110 3540 1172 3611; x_wconf 94' lang='lat' dir='ltr'>C</span> <span class='ocrx_word' id='word_1_215' title='bbox 1225 3540 1299 3611; x_wconf 92' lang='lat' dir='ltr'><strong>A</strong></span> <span class='ocrx_word' id='word_1_216' title='bbox 1349 3536 1433 3611; x_wconf 89' lang='lat' dir='ltr'><strong>P.</strong></span> <span class='ocrx_word' id='word_1_217' title='bbox 1551 3536 1723 3611; x_wconf 81' lang='lat' dir='ltr'><strong>XV.</strong></span> 
     </span>
    </p>
   </div>
   <div class='ocr_carea' id='block_1_3' title="bbox 383 3645 2427 4417">
    <p class='ocr_par' dir='ltr' id='par_1_3' title="bbox 431 3645 2419 4049">
     <span class='ocr_line' id='line_1_31' title="bbox 521 3645 2414 3749; baseline -0.004 -19"><span class='ocrx_word' id='word_1_218' title='bbox 521 3654 712 3729; x_wconf 87' lang='lat' dir='ltr'><strong>Cum</strong></span> <span class='ocrx_word' id='word_1_219' title='bbox 747 3651 1072 3749; x_wconf 85' lang='lat' dir='ltr'><strong>superiori</strong></span> <span class='ocrx_word' id='word_1_220' title='bbox 1105 3650 1328 3749; x_wconf 88' lang='lat' dir='ltr'><strong>capite</strong></span> <span class='ocrx_word' id='word_1_221' title='bbox 1361 3650 1452 3725; x_wconf 89' lang='lat' dir='ltr'><strong>de</strong></span> <span class='ocrx_word' id='word_1_222' title='bbox 1485 3647 2019 3725; x_wconf 73' lang='lat' dir='ltr'><strong>Pei-turbatione</strong></span> <span class='ocrx_word' id='word_1_223' title='bbox 2046 3646 2312 3747; x_wconf 68' lang='lat' dir='ltr'><strong>egiflet,</strong></span> <span class='ocrx_word' id='word_1_224' title='bbox 2334 3645 2414 3722; x_wconf 76' lang='grc' dir='ltr'><strong>δε</strong></span> 
     </span>
     <span class='ocr_line' id='line_1_32' title="bbox 431 3748 2417 3849; baseline -0.004 -20"><span class='ocrx_word' id='word_1_225' title='bbox 431 3752 516 3829; x_wconf 83' lang='lat' dir='ltr'><strong>ad</strong></span> <span class='ocrx_word' id='word_1_226' title='bbox 579 3752 1068 3828; x_wconf 85' lang='lat' dir='ltr'><strong>definitionem</strong></span> <span class='ocrx_word' id='word_1_227' title='bbox 1121 3748 1534 3849; x_wconf 81' lang='lat' dir='ltr'><strong>Tragoediae</strong></span> <span class='ocrx_word' id='word_1_228' title='bbox 1581 3750 1661 3823; x_wconf 81' lang='lat'><strong>&amp;-</strong></span> <span class='ocrx_word' id='word_1_229' title='bbox 1720 3748 2075 3826; x_wconf 81' lang='lat' dir='ltr'><strong>effentiam</strong></span> <span class='ocrx_word' id='word_1_230' title='bbox 2112 3748 2417 3846; x_wconf 58' lang='lat' dir='ltr'><strong>speckare</strong></span> 
     </span>
     <span class='ocr_line' id='line_1_33' title="bbox 431 3846 2419 3948; baseline -0.005 -20"><span class='ocrx_word' id='word_1_231' title='bbox 431 3852 853 3937; x_wconf 62' lang='lat' dir='ltr'><strong>ostendiflien</strong></span> <span class='ocrx_word' id='word_1_232' title='bbox 905 3874 1060 3925; x_wconf 85' lang='lat' dir='ltr'><strong>eam</strong></span> <span class='ocrx_word' id='word_1_233' title='bbox 1111 3850 1242 3925; x_wconf 91' lang='lat' dir='ltr'><strong>hoc</strong></span> <span class='ocrx_word' id='word_1_234' title='bbox 1289 3849 1546 3948; x_wconf 82' lang='lat' dir='ltr'><strong>capite,</strong></span> <span class='ocrx_word' id='word_1_235' title='bbox 1593 3846 1636 3924; x_wconf 80' lang='grc' dir='ltr'>ὲ</span> <span class='ocrx_word' id='word_1_236' title='bbox 1683 3846 2099 3946; x_wconf 79' lang='lat' dir='ltr'><strong>Tragoediae</strong></span> <span class='ocrx_word' id='word_1_237' title='bbox 2142 3848 2419 3923; x_wconf 73' lang='lat' dir='ltr'><strong>afflone</strong></span> 
     </span>
     <span class='ocr_line' id='line_1_34' title="bbox 438 3946 2419 4049; baseline -0.003 -26"><span class='ocrx_word' id='word_1_238' title='bbox 438 3976 572 4027; x_wconf 90' lang='lat' dir='ltr'><strong>non</strong></span> <span class='ocrx_word' id='word_1_239' title='bbox 619 3974 714 4025; x_wconf 85' lang='lat' dir='ltr'><strong>ex</strong></span> <span class='ocrx_word' id='word_1_240' title='bbox 769 3952 1169 4049; x_wconf 85' lang='lat' dir='ltr'><strong>Apparatu,</strong></span> <span class='ocrx_word' id='word_1_241' title='bbox 1223 3970 1304 4023; x_wconf 89' lang='lat' dir='ltr'><strong>ut</strong></span> <span class='ocrx_word' id='word_1_242' title='bbox 1355 3966 1611 4047; x_wconf 87' lang='lat' dir='ltr'><strong>putant</strong></span> <span class='ocrx_word' id='word_1_243' title='bbox 1656 3948 1991 4046; x_wconf 85' lang='lat' dir='ltr'><strong>imperiti,</strong></span> <span class='ocrx_word' id='word_1_244' title='bbox 2040 3946 2419 4049; x_wconf 86' lang='lat' dir='ltr'><strong>petendam</strong></span> 
     </span>
    </p>

    <p class='ocr_par' dir='ltr' id='par_1_4' title="bbox 383 4046 2425 4348">
     <span class='ocr_line' id='line_1_35' title="bbox 383 4046 2425 4147; baseline -0.004 -22"><span class='ocrx_word' id='word_1_245' title='bbox 383 4096 402 4107; x_wconf 91' lang='lat'><strong>·</strong></span> <span class='ocrx_word' id='word_1_246' title='bbox 440 4052 680 4125; x_wconf 85' lang='lat' dir='ltr'><strong>docet:</strong></span> <span class='ocrx_word' id='word_1_247' title='bbox 735 4050 810 4123; x_wconf 92' lang='lat' dir='ltr'><strong>id</strong></span> <span class='ocrx_word' id='word_1_248' title='bbox 843 4052 1130 4147; x_wconf 87' lang='lat' dir='ltr'><strong>choragi</strong></span> <span class='ocrx_word' id='word_1_249' title='bbox 1163 4046 1382 4139; x_wconf 85' lang='lat' dir='ltr'><strong>enim,</strong></span> <span class='ocrx_word' id='word_1_250' title='bbox 1431 4072 1572 4123; x_wconf 89' lang='lat' dir='ltr'><strong>non</strong></span> <span class='ocrx_word' id='word_1_251' title='bbox 1605 4048 1833 4144; x_wconf 70' lang='lat' dir='ltr'><strong>poetae</strong></span> <span class='ocrx_word' id='word_1_252' title='bbox 1860 4048 2020 4124; x_wconf 81' lang='lat' dir='ltr'><strong>effe.</strong></span> <span class='ocrx_word' id='word_1_253' title='bbox 2103 4048 2279 4145; x_wconf 81' lang='lat' dir='ltr'><strong>Qa</strong></span> <span class='ocrx_word' id='word_1_254' title='bbox 2302 4064 2425 4117; x_wconf 88' lang='lat' dir='ltr'><strong>oc·</strong></span> 
     </span>
     <span class='ocr_line' id='line_1_36' title="bbox 431 4140 2423 4248; baseline -0.003 -26"><span class='ocrx_word' id='word_1_255' title='bbox 431 4152 722 4237; x_wconf 69' lang='lat' dir='ltr'><strong>castone,</strong></span> <span class='ocrx_word' id='word_1_256' title='bbox 771 4151 1012 4247; x_wconf 85' lang='lat' dir='ltr'><strong>quales</strong></span> <span class='ocrx_word' id='word_1_257' title='bbox 1045 4150 1178 4223; x_wconf 85' lang='lat' dir='ltr'><strong>fint</strong></span> <span class='ocrx_word' id='word_1_258' title='bbox 1211 4148 1518 4247; x_wconf 83' lang='lat' dir='ltr'><strong>personae</strong></span> <span class='ocrx_word' id='word_1_259' title='bbox 1548 4170 1715 4248; x_wconf 77' lang='lat' dir='ltr'><strong>quae</strong></span> <span class='ocrx_word' id='word_1_260' title='bbox 1749 4170 2035 4222; x_wconf 81' lang='lat' dir='ltr'><strong>movere</strong></span> <span class='ocrx_word' id='word_1_261' title='bbox 2067 4143 2285 4223; x_wconf 88' lang='lat' dir='ltr'><strong>solent</strong></span> <span class='ocrx_word' id='word_1_262' title='bbox 2334 4140 2423 4217; x_wconf 69' lang='grc' dir='ltr'><strong>ταὶ</strong></span> 
     </span>
     <span class='ocr_line' id='line_1_37' title="bbox 436 4239 2424 4348; baseline -0.008 -19"><span class='ocrx_word' id='word_1_263' title='bbox 436 4247 610 4343; x_wconf 57' lang='lat'><strong>2¹³„</strong></span> <span class='ocrx_word' id='word_1_264' title='bbox 674 4251 912 4327; x_wconf 81' lang='lat' dir='ltr'><strong>docet.</strong></span> <span class='ocrx_word' id='word_1_265' title='bbox 1011 4248 1208 4327; x_wconf 84' lang='lat' dir='ltr'><strong>Cum</strong></span> <span class='ocrx_word' id='word_1_266' title='bbox 1253 4270 1430 4348; x_wconf 84' lang='lat' dir='ltr'><strong>ergo</strong></span> <span class='ocrx_word' id='word_1_267' title='bbox 1487 4245 1564 4341; x_wconf 79' lang='lat' dir='ltr'><strong>ii,</strong></span> <span class='ocrx_word' id='word_1_268' title='bbox 1630 4244 1757 4347; x_wconf 87' lang='lat' dir='ltr'><strong>qui</strong></span> <span class='ocrx_word' id='word_1_269' title='bbox 1812 4246 2073 4325; x_wconf 77' lang='lat' dir='ltr'><strong>atrocia</strong></span> <span class='ocrx_word' id='word_1_270' title='bbox 2124 4246 2305 4319; x_wconf 85' lang='lat' dir='ltr'><strong>inter</strong></span> <span class='ocrx_word' id='word_1_271' title='bbox 2351 4239 2424 4314; x_wconf 87' lang='lat' dir='ltr'><strong>se</strong></span> 
     </span>
    </p>

    <p class='ocr_par' dir='ltr' id='par_1_5' title="bbox 2218 4360 2427 4417">
     <span class='ocr_line' id='line_1_38' title="bbox 2218 4360 2427 4417; baseline 0.005 -1"><span class='ocrx_word' id='word_1_272' title='bbox 2218 4360 2427 4417; x_wconf 84' lang='lat' dir='ltr'><strong>com-</strong></span> 
     </span>
    </p>
   </div>
  </div>
 </body>
</html>
