3213 5550
1706 549 1743 640 (
1842 541 1907 618 ὶί
2010 545 2040 636 )

743 753 760 762 -
871 695 1310 798 Tragoediae,
1371 691 1721 770 Fabulam
1772 719 1989 792 quam
2050 711 2285 786 vocat,
2348 694 2693 795 postrema
2740 689 2869 788 est,

869 817 1040 874 cum
1065 797 1150 874 fit
1172 795 1564 896 praecipua:
1618 791 1827 893 hujus
1850 819 2015 868 vero
2038 795 2289 894 prima.
2362 798 2602 870 Partes
2626 815 2867 872 autem

867 897 1256 996 qualitatis,
1313 895 1428 969 hae
1479 895 1679 968 sunt:
1750 894 2045 980 Fabula,
2116 894 2387 984 Mores,
2458 897 2865 986 Sententiae,

865 997 1133 1086 Dieuc,
1187 1000 1615 1094 Apparatu3‚
1666 993 2094 1070 Modulatio.
2178 995 2423 1096 Qem
2468 996 2724 1071 deinde
2754 1019 2871 1070 or-

865 1097 1114 1172 dinem
1163 1093 1236 1168 in
1293 1095 1755 1191 explicatione
1808 1093 2245 1192 fingulorum
2304 1093 2739 1193 persequitur
2779 1097 2869 1172 δε

865 1195 1110 1272 servat.
1159 1195 1300 1270 Sex
1324 1213 1562 1267 autem
1583 1197 1717 1270 effe
1740 1211 1969 1292 partes
1998 1211 2300 1282 tantum,
2334 1215 2565 1292 neque
2600 1197 2865 1294 plureS,

869 1294 1098 1371 tribus
1129 1293 1204 1369 in
1236 1295 1625 1369 imitatione
1658 1292 2067 1368 differentiis
2112 1293 2389 1390 probat,
2436 1319 2613 1392 quas
2662 1293 2868 1368 initio

867 1393 1088 1470 libelli
1139 1393 1482 1490 posuerat,
1538 1395 1637 1480 οἷς,
1694 1401 1800 1480 ὥς,
1865 1401 1930 1468 ὅ.
2032 1393 2275 1486 Prima,
2320 1393 2864 1468 instrumentum

865 1515 1020 1591 quo
1043 1493 1400 1568 imitamur
1429 1493 1885 1592 fignificaturz
1938 1515 2085 1590 quo
2109 1494 2556 1590 Apparatum
2590 1517 2671 1566 ac
2696 1494 2867 1568 Mo-

867 1593 1305 1668 dulationem
1363 1591 1600 1666 refert.
1694 1593 2016 1666 Secunda
2072 1591 2325 1664 modus
2376 1593 2776 1681 denotatur,
2824 1593 2875 1666 ὲ.

869 1715 1018 1790 quo
1051 1691 1350 1766 imitatio
1392 1691 1857 1764 diverfitatem
1894 1689 2147 1764 sumit:
2200 1713 2283 1762 eo
2331 1711 2569 1766 autem
2614 1693 2867 1766 Sermo

870 1774 1195 1866 refertur.
1276 1793 1519 1865 Tertia
1563 1790 1926 1876 Materies,
1979 1790 2115 1864 live
2158 1788 2599 1885 Subjestum,
2648 1793 2864 1866 deno-

867 1907 1108 1965 tatur:
1168 1915 1314 1988 quo
1358 1891 1417 1962 F
1420 1889 1648 1977 abula,
1700 1891 1943 1962 Mores
1998 1890 2075 1962 ac
2122 1888 2479 1962 Sententia
2526 1891 2626 1963 est
2684 1888 2868 1964 refe·

869 1990 1109 2065 tenda.
1191 1989 1468 2064 Deinde
1503 1990 1931 2086 praecipuam
1972 1989 2103 2062 effe
2148 2009 2439 2085 partem,
2488 1989 2864 2078 Fabulam,

871 2091 1014 2164 five
1066 2089 1280 2188 ipsam
1323 2086 1914 2175 constitutionem,
1964 2087 2307 2173 ostendit;
2360 2089 2555 2185 quod
2607 2089 2867 2187 gravis-

869 2189 1062 2263 fimis
1091 2189 1338 2264 eodem
1365 2186 1594 2285 capite
1626 2187 2058 2284 argumentis
2088 2188 2379 2283 probat:
2428 2189 2653 2260 donec
2680 2211 2863 2286 prae-

872 2287 1156 2389 cipuam
1207 2289 1278 2361 in
1329 2287 1747 2385 Tragoedia,
1798 2287 1877 2360 ὅτ
1919 2287 2109 2383 quali
2150 2285 2483 2374 animam,
2533 2287 2869 2362 constitu·

871 2388 1143 2464 tionem
1175 2387 1307 2460 effe
1341 2387 1735 2462 concludat.
1810 2385 2138 2460 Secundo
2169 2385 2327 2458 loco
2362 2386 2605 2460 Mores
2634 2386 2869 2483 ponit,

869 2489 1070 2586 quod
1101 2487 1178 2560 &
1209 2485 1639 2573 faciendum,
1688 2485 2137 2558 fimilitudine
2170 2485 2498 2580 praeclara
2538 2485 2863 2562 ostendit.

869 2587 1124 2662 Tertio
1153 2585 1612 2674 Sententiam,
1644 2581 1845 2680 cujus
1874 2582 2105 2657 obiter
2132 2583 2509 2673 occasione,
2564 2585 2863 2660 Morum

866 2687 948 2762 δε
998 2684 1377 2760 Sententiae
1407 2683 1707 2759 ostendit
1736 2683 2225 2759 differentiam.
2302 2685 2579 2783 Quarto
2618 2685 2865 2760 difflo-

869 2806 1078 2875 nem‚·
1117 2786 1443 2861 Partibus
1475 2784 1825 2883 postremo
1878 2784 2110 2859 minus
2160 2784 2624 2857 essentialibus
2660 2790 2863 2861 suum

868 2887 1074 2963 fimul
1107 2885 1352 2963 tribuit
1384 2884 1648 2961 locum.
1732 2886 1926 2984 Qae
1963 2884 2121 2959 sunt
2152 2882 2559 2957 Modulatio
2592 2886 2667 2959 ὅτ,
2700 2888 2861 2985 Ap·

867 3006 1174 3089 paratus,

971 3138 1122 3213 Huc
1153 3136 1331 3237 usque
1359 3154 1572 3231 nempe
1597 3134 1692 3209 ad
1710 3134 1911 3227 finem
1942 3136 2166 3230 capitis
2179 3134 2349 3229 fixti
2360 3146 2609 3231 secutus
2638 3132 2723 3225 4st
2754 3156 2861 3207 or·

867 3234 1098 3329 dinem,
1147 3237 1438 3335 vulgatis
1469 3236 1867 3311 Editionibus
1878 3236 2235 3332 servatum.

1565 3424 1631 3499 C
1682 3424 1757 3497 A
1808 3422 1889 3496 P.
2006 3417 2175 3495 Vn.

969 3546 1223 3651 Capite
1281 3548 1600 3647 septimo,
1660 3547 1850 3644 quod
1911 3546 2419 3643 transpofitum,
2488 3564 2569 3616 ut
2634 3538 2873 3641 postea

867 3650 1339 3740 ostendemus,
1387 3650 1427 3723 a
1457 3648 1741 3722 librario
1774 3666 1945 3733 erat,
1980 3646 2248 3720 definiti
2289 3644 2663 3718 illustrandi
2698 3668 2869 3719 cau-

819 3788 822 3793 ·
864 3750 957 3839 sa,
1008 3771 1237 3849 partes
1289 3746 1700 3847 quantitatis
1744 3744 1970 3843 ponit,
2022 3747 2161 3820 fine
2196 3746 2455 3841 quibus
2492 3764 2720 3841 partes
2756 3742 2867 3816 su·

860 3849 1170 3949 periotes
1217 3846 1513 3946 intelligi
1549 3871 1694 3921 non
1736 3865 2080 3943 poterant.
2166 3848 2359 3945 Qae
2394 3844 2573 3929 sunt,
2626 3844 2871 3917 Prolo-

860 3972 1034 4047 gus,
1091 3946 1533 4048 Episodium,
1597 3946 1920 4032 Exodus,
1970 3944 2271 4018 Chorus.
2364 3940 2591 4037 Cujus
2641 3942 2869 4017 Chori

861 4050 1042 4123 duas
1073 4047 1312 4125 statuit
1346 4066 1627 4147 partes:
1678 4045 1931 4121 deinde
1964 4045 2039 4117 &
2064 4044 2367 4141 singulas
2388 4043 2621 4116 obiter
2649 4066 2873 4139 expo·

865 4148 997 4237 nit,
1045 4149 1125 4226 &
1169 4148 1428 4225 eodem
1483 4142 1715 4245 capite
1772 4142 2087 4219 absolvit.
2174 4144 2433 4238 Neque
2464 4142 2871 4230 -effentiales

799 4271 811 4285 ·
865 4250 1096 4343 enim,
1141 4248 1236 4327 de
1280 4246 1548 4351 quibus
1587 4244 1737 4324 fuse
1770 4244 2049 4321 asturus
2084 4262 2257 4335 erat,
2306 4244 2381 4318 ὅτ
2418 4260 2637 4319 totam
2663 4264 2754 4313 ex
2786 4239 2875 4413 {is

2643 4364 2785 4442 exp
2814 4364 2881 4437 1·-
