3213 5550
352 591 754 672 cmxxx.
882 611 1011 667 nr,
1095 583 1786 672 POETICA.
2171 623 2332 706 203

979 1071 1048 1148 C
1104 1069 1179 1162 A
1234 1069 1327 1150 P.
1466 1068 1700 1154 XIX.

400 1265 879 1370 Trab'iatus
918 1267 1023 1366 de
1062 1269 1529 1366 Sententia
1572 1294 1660 1366 et
1697 1267 2278 1373 Elocutione.

1022 1599 1091 1679 C
1148 1599 1226 1678 A
1282 1597 1375 1678 P.
1516 1595 1642 1679 XI
1647 1659 1666 1680 .

1044 1805 1175 1886 De
1210 1801 1615 1885 Sententia.

471 2005 874 2100 Sententia,
934 2003 1149 2120 (quae
1188 2008 1473 2102 Graece,
1531 1995 1808 2094 διάνοιαι,
1851 2027 1989 2083 non
2025 1997 2328 2104 γνάμψ]

350 2129 559 2238 Qid
574 2131 721 2238 stt,
783 2147 963 2240 par.
1026 2141 1101 2209 2⁸
1130 2159 1161 2209 .-
1231 2150 1303 2212 et
1366 2131 1553 2238 Qae
1614 2131 1760 2240 ejus
1823 2133 2180 2224 Munera,
2238 2157 2330 2209 ac

350 2257 656 2351 Partes,
716 2252 766 2334 ὰ
790 2269 971 2362 par.
1016 2263 1121 2334 2⁸.
1238 2247 1656 2351 Theorema,
1713 2253 1797 2336 de
1839 2253 2107 2349 Rebus,
2167 2280 2330 2362 quae

352 2377 429 2460 in
470 2381 763 2462 Scenam
801 2375 1104 2458 veniunt
1131 2412 1159 2471 3
1218 2395 1291 2457 et
1326 2375 1411 2456 de
1448 2377 1862 2474 Sententiis,
1905 2395 2088 2490 par.
2135 2387 2240 2488 3⁸.

398 2644 420 2654 ““
608 2629 679 2710 C
728 2627 823 2708 de
869 2625 1039 2707 aliis
1090 2625 1409 2736 quidem
1470 2626 1814 2743 (Fabula
1839 2623 2012 2734 fiii.
2075 2621 2330 2705 Mori-

661 2749 917 2862 bisque
934 2746 989 2862 )
1062 2753 1241 2857 Jam
1316 2751 1618 2833 dictum
1691 2749 1828 2833 est.
1983 2745 2334 2858 Superest
2385 2763 2392 2768 ’

353 2872 583 2985 porro
640 2874 737 2957 de
795 2874 1284 2969 Elocutione,
1340 2875 1693 2985 animique
1751 2874 2140 2953 Sententia
2204 2871 2334 2951 di-

352 3024 547 3079 cere.
664 3000 733 3106 {J
776 3024 853 3081 2.
912 3008 941 3041 ⁸
976 2998 1097 3077 Ac
1158 3025 1327 3108 quae
1378 2998 1848 3079 Sententiam
1906 2995 2334 3101 attingunt,

352 3116 799 3203 Rhetoricis
889 3122 1108 3203 libris
1198 3122 1726 3233 comprehensa,
1818 3148 2010 3201 nunc
2081 3114 2337 3197 Pofita

357 3246 655 3325 Sunto:
720 3247 917 3327 Haec
952 3247 1162 3325 enim
1200 3244 1616 3357 df‘lbeptare,
1673 3243 1884 3324 illiu‘s
1929 3240 2336 3352 proprium

355 3368 462 3449 est
508 3365 793 3480 potins,
853 3370 1065 3479 quam
1100 3368 1307 3478 haias
1346 3365 1746 3450 Methodi.
1860 3367 1890 3408 '³
1928 3364 2338 3449 Sententiae

356 3508 617 3607 antem
655 3493 1189 3599 adjudicantur
1223 3496 1273 3549 ’ἓ
1311 3520 1425 3588 ea,
1482 3520 1658 3605 quae
1699 3519 1837 3603 pet
1879 3489 2340 3573 Orationem

357 3617 607 3701 Poe‘tae
640 3616 909 3725 corfici,
947 3644 1035 3697 ac
1068 3618 1493 3725 comparari
1526 3642 1722 3725 opus
1759 3614 1894 3694 est.
1998 3642 2075 3721 3.
2118 3620 2148 3651 ⁸
2172 3610 2342 3689 Eo·-

358 3766 535 3826 tum
587 3740 767 3821 verb
816 3740 1073 3820 Partes
1128 3739 1329 3833 sunt,
1389 3736 1559 3820 tiirn
1616 3736 1942 3847 Obfiura
1976 3736 2342 3815 Demon-

438 3948 465 3979 ⁸
504 3942 821 4013 Sententia,
860 3942 951 4004 sen
982 3941 1369 4003 Ratiocinatio
1392 3938 1912 4021 Enthymematica,
1951 3938 2194 4001 Rhetor.
2235 3934 2345 3995 lib.

372 4058 423 4099 ι.
454 4042 503 4096 δε
536 4060 591 4098 2·
622 4038 855 4118 copiose
884 4040 1119 4099 trattata
1141 4038 1218 4096 est
1248 4062 1263 4097 z

444 4128 471 4169 ⁵
509 4132 707 4201 Nunc,
736 4132 932 4211 paucis
962 4129 1298 4212 attingenda
1318 4148 1338 4187 z
1378 4126 1495 4187 viz.
1534 4144 1583 4185 1.
1613 4126 1928 4195 Sententia,
1957 4125 2122 4205 quid.

444 4226 483 4267 ⁹
522 4236 653 4311 Cap.
690 4247 748 4307 3.
809 4212 815 4218 “
1068 4230 1099 4259 ²
1137 4225 1345 4286 Officia
1368 4240 1425 4283 et
1452 4239 1644 4302 partes
1671 4221 1814 4305 ejus,
1842 4242 1995 4301 quae.

1202 4336 1275 4417 C
1312 4360 1357 4415 c
1418 4358 1463 4413 2
2097 4326 2350 4421 strare,
