3213 5550
1029 527 2271 614 PRAEFATIO.

663 724 754 789 ut
783 705 1306 803 Aristotelem,
1335 734 1572 816 quem
1599 704 2047 786 illustrando
2078 703 2259 786 Itali
2282 701 2641 786 obscura·

663 849 868 923 rant;
921 829 1426 915 emaculando
1483 831 1811 940 turpiter
1856 825 2181 908 foedatat
2238 826 2639 922 HeinfiuS,

663 955 1008 1049 retentis,
1048 973 1430 1064 quantum
1463 955 1627 1060 ejus
1668 951 1832 1032 fieri
1870 952 2157 1062 potuit,
2196 951 2439 1031 veteri
2474 951 2641 1031 lec-

647 1079 908 1169 tione,
965 1095 1196 1186 atque
1231 1078 1572 1186 ejusdem
1626 1075 1839 1156 sensu
1886 1073 2057 1165 illo,
2112 1074 2255 1184 qui
2300 1073 2645 1154 maxime

661 1201 947 1282 obvius
979 1199 1162 1296 fuit,
1201 1202 1340 1282 fibi
1369 1201 1871 1281 restituerem.
1948 1197 2357 1304 Nonnulla
2382 1215 2645 1278 tamen

667 1323 754 1403 in
815 1328 1144 1418 audiere,
1213 1325 1352 1434 qui
1401 1341 1609 1406 certe
1658 1317 1913 1400 ποὶλοῖς
1960 1311 2185 1394 ‘iam-c
2236 1310 2431 1420 βρύα,
2484 1318 2646 1430 ipse

665 1448 1104 1554 conjectura
1159 1450 1464 1542 ductuS,
1533 1447 1645 1526 ita
1700 1446 2101 1544 mendavi
2156 1442 2469 1526 dicam?
2546 1469 2647 1524 an

669 1572 930 1678 potius
983 1573 1423 1663 immutavi,
1483 1591 1574 1649 ut
1618 1597 1717 1676 ex
1772 1571 1871 1650 iis
1928 1569 2301 1648 sententia
2358 1567 2642 1675 aliqua,

667 1721 844 1800 quae
881 1695 966 1772 in
1001 1695 1230 1774 editis
1267 1694 1482 1774 nulla
1515 1692 1700 1787 fuit,
1728 1712 2164 1773 erueretur:
2224 1691 2371 1770 alia
2408 1689 2649 1798 vulgo

654 1805 1004 1925 'receptis
1041 1816 1339 1896 fortaffe
1377 1817 1695 1896 meliora
1730 1816 2309 1926 suppeditarunt
2344 1812 2644 1894 varian-

672 1957 786 2020 tes
823 1939 1214 2034 lestiones,
1249 1967 1438 2049 quas
1477 1967 1522 2018 e
1559 1941 1814 2020 codd.
1850 1957 2183 2046 quatuor
2208 1933 2647 2018 Bibliothe-

673 2087 784 2142 cae
840 2064 1220 2144 Mediceae
1281 2065 1649 2144 excitatas
1716 2060 2262 2142 humaniffime
2326 2085 2649 2140 mecum

673 2189 1286 2271 communicavit
1312 2187 1460 2265 Vir
1490 2190 1694 2267 inter
1724 2212 2005 2295 paucos
2042 2185 2327 2292 linguae
2354 2183 2645 2262 Graecae

671 2309 1200 2418 peritiffimus,
1260 2311 1354 2390 de
1389 2310 1606 2416 cujus
1640 2309 1981 2390 amicitia
2020 2306 2132 2388 est
2178 2307 2396 2414 quod
2442 2301 2649 2386 mihi

675 2431 870 2510 serio
903 2435 1264 2552 gratuler,
1303 2435 1408 2514 A.
1437 2433 1568 2512 M.
1610 2433 2027 2512 Bandinius
2061 2433 2133 2537 J.
2183 2431 2295 2510 U.
2334 2429 2443 2508 D.
2482 2427 2647 2535 ejus

673 2553 1180 2636 Bibliothecae
1237 2577 1318 2638 et
1379 2557 1711 2668 publicae
1754 2553 2328 2636 Marucellianae
2370 2551 2647 2634 Custos

671 2677 1180 2764 doetiffimus.

799 2804 1120 2885 Horum
1157 2806 1544 2886 Codicum
1581 2832 1727 2885 nec
1763 2803 1981 2885 valde
2016 2802 2287 2914 prisca,
2344 2824 2485 2880 nec
2522 2824 2645 2879 re-

675 2944 904 3005 cente
959 2928 1150 3009 adeo
1197 2956 1432 3009 manu
1483 2946 1965 3009 exaratorum
2025 2926 2507 3009 notationem
2562 2920 2648 3001 in

675 3047 918 3129 literis
955 3050 1050 3131 ad
1087 3078 1216 3131 me
1243 3052 1438 3133 datis
1475 3054 1582 3133 ita
1618 3049 1803 3131 fecit
1838 3050 1996 3161 ipse
2032 3048 2506 3131 Bandinius:

801 3186 861 3221 “
887 3174 1016 3254 Ad
1065 3174 1394 3257 Codices
1431 3202 1613 3256 vero
1656 3176 1867 3283 quod
1915 3174 2221 3267 attinet,
2276 3196 2406 3251 eos
2458 3166 2647 3249 dili-

675 3296 1110 3402 gentiflime
1157 3300 1667 3393 contulimus,
1724 3298 2009 3387 servato
2054 3296 2351 3387 ordine,
2408 3316 2649 3403 quem

677 3417 764 3499 in
805 3417 1290 3499 Bibliotheca
1324 3422 1683 3501 obtinent
1697 3456 1722 3513 3
1782 3422 1958 3501 sunt
1990 3436 2251 3499 autem
2292 3416 2455 3497 isti:
2696 3502 2701 3510 ⁴

787 3540 858 3619 1.
909 3542 1179 3624 Codex
1203 3570 1388 3625 x1v.
1431 3543 1689 3625 Plutei
1710 3568 1959 3623 xxxi.
1980 3540 2422 3625 chartaceus
2448 3539 2533 3619 in
2562 3560 2646 3643 4.

679 3662 984 3769 majori,
1025 3668 1204 3745 Saec.
1227 3694 1374 3747 xv.
1405 3664 1834 3749 charactere
1858 3665 2247 3775 grandiori
2272 3678 2647 3755 exaratae,

679 3788 1131 3897 optimeque
1168 3788 1522 3884 servatus,
1585 3818 1774 3871 cum
1820 3788 2423 3871 correctionibus
2458 3784 2647 3895 qui-

682 3907 1004 3992 busdam
1042 3912 1256 3993 valde
1301 3915 1484 3993 raris
1551 3914 1651 3993 ab
1708 3912 1973 3995 eadem
2030 3938 2298 4005 manu,
2354 3911 2441 3991 in
2490 3934 2649 4017 quo

679 4032 1158 4144 potiffimum
1200 4036 1669 4119 amanuenfis
1704 4037 2089 4147 peccavit.
2116 4034 2327 4145 quod
2358 4031 2651 4115 identi-

683 4160 866 4239 dem
903 4160 986 4239 in
1023 4160 1520 4243 exscribendo
1555 4160 2055 4245 fimilitudine
2080 4158 2405 4269 alicujus
2438 4153 2651 4237 vocis

681 4280 1079 4395 deceptus,
1137 4284 1426 4397 aliquas
1485 4286 1893 4399 dictiones,
1960 4282 2353 4369 interdum
2414 4279 2651 4363 etiam

2522 4426 2651 4485 m-
