3213 5550
901 568 1054 672 146
1341 529 2395 666 ,ARISTOTELIS
2486 560 2885 645 eruum

889 736 1067 830 effe,
1127 761 1301 843 quae
1338 729 1565 811 facile
1604 729 1955 839 conspici
1994 746 2252 836 queat,
2280 731 2370 835 st
2398 731 2721 839 pulchra
2768 733 2891 816 illa

890 857 1139 944 videri
1165 855 1505 949 debeant3
1569 855 1693 932 Sic
1732 871 1809 932 et
1848 855 1937 932 in
1976 853 2323 946 Fabulis,
2368 853 2501 962 quo
2540 859 2889 939 Pulchrae

860 985 1061 1092 stnt,
1102 980 1386 1062 habere
1421 980 1745 1086 quidem
1784 977 2450 1086 Longitudinem:
2511 976 2713 1060 hanc
2750 1009 2927 1080 au-,

893 1127 1059 1192 tem
1102 1105 1334 1185 talem
1373 1102 1545 1196 effe,
1578 1130 1751 1210 quae
1790 1103 1857 1181 F
1861 1099 2052 1181 acile
2093 1102 2401 1182 retineri
2438 1104 2665 1211 poffit
2700 1105 2882 1184 Me-

893 1230 1175 1314 moria.
1259 1255 1341 1339 7.
1379 1238 1422 1268 ⁸¹¹
1453 1225 2011 1334 Longitudinis
2049 1243 2313 1306 autem
2352 1226 2675 1321 Finitio,
2716 1257 2882 1337 quae

893 1356 992 1437 ad
1019 1356 1418 1435 Pob‘tarum
1453 1369 1673 1459 atque
1700 1351 2057 1430 Abiorum
2096 1351 2269 1430 Con
2278 1351 2657 1431 tentiones
2686 1355 2737 1408 ’ἓ
2758 1381 2877 1432 re-

863 1481 1173 1588 firtur,
1233 1495 1467 1584 atque
1527 1475 1623 1554 ad
1682 1472 2175 1583 Speb’iantium
2234 1473 2533 1571 Sensus,
2590 1501 2881 1584 nequa-

895 1629 1138 1714 quam
1193 1600 1350 1693 illa,
1411 1600 1626 1678 Artis
1681 1597 1845 1678 est:
1910 1597 1989 1676 Si
2044 1597 2259 1676 enim
2315 1615 2635 1678 centum
2682 1602 2880 1678 Tra-

895 1719 1190 1836 goedizis
1251 1724 1335 1802 in
1403 1719 1981 1802 Certaminibus
2007 1721 2246 1825 simul
2290 1721 2418 1829 agi
2456 1741 2879 1831 oporteret,

897 1849 992 1930 ad
1029 1845 1484 1957 clepsydras,
1539 1846 1594 1927 i.
1639 1875 1702 1925 e.
1764 1844 2277 1952 horologiorum
2324 1849 2687 1953 merficras
2724 1851 2880 1927 uti-

897 1968 1056 2084 que
1097 1988 1498 2080 agerentur
1525 2004 1552 2063 3
1614 1968 2013 2078 untkuique,
2054 1967 2393 2076 temporis
2415 1971 2887 2076 portiuncula*

857 2097 1083 2180 ‘datd
1105 2135 1134 2192 3
1201 2088 1919 2205 (quemadmodum
1980 2092 2375 2199 quondam
2444 2121 2590 2174 nec
2655 2091 2887 2174 semel

871 2225 1174 2333 fadum
1229 2217 1376 2297 effe
1431 2216 1913 2326 perhibent.)
2034 2215 2111 2296 8.
2174 2226 2203 2254 ¹¹
2242 2211 2541 2296 Verum
2588 2219 2652 2298 F
2656 2219 2882 2298 initio

897 2344 1051 2425 Rei
1117 2343 1394 2432 Gestae,
1474 2341 1729 2448 quoad
1798 2339 2029 2448 ipfius
2094 2339 2511 2435 Naturam,
2586 2341 2880 2451 semper

897 2467 1250 2578 quidem,
1311 2463 1472 2572 qub
1531 2465 1779 2572 major
1840 2461 1959 2565 est,
2018 2461 2387 2573 tantisper
2442 2461 2637 2545 dum
2696 2461 2881 2546 Tota

875 2587 1122 2690 -fimill
1179 2588 1584 2696 Perspicua
1632 2589 1752 2680 fit,
1808 2585 1901 2668 eb
1960 2583 2361 2697 pulchrior
2410 2589 2547 2681 est,
2606 2589 2879 2670 secun·

893 2712 1823 2821 dhmMagnitudinem:
1912 2737 1991 2817 9.
2052 2719 2079 2748 ⁰
2118 2712 2235 2791 Ut
2272 2731 2531 2793 autem
2572 2713 2872 2823 fimpli-

890 2837 1096 2922 citer
1181 2836 1617 2923 definiendo
1706 2834 2021 2927 dicam;
2108 2836 2193 2913 in
2284 2858 2878 2945 quantacunque

859 2962 1451 3074 -Magnitudine
1502 2958 1747 3042 Rebus
1803 2954 2221 3039 secundum
2270 2960 2709 3040 Verisimile
2760 2962 2881 3039 vel

893 3086 1428 3170 Necessarium
1475 3086 1863 3191 ,deinceps
1939 3081 2507 3177 enascentibus,
2601 3085 2877 3164 accidit

896 3212 1183 3295 tandem
1219 3211 1303 3291 in
1342 3209 1785 3319 Prosperam
1822 3202 2217 3286 fortunam
2256 3236 2351 3287 ex
2388 3209 2715 3302 adversa,
2758 3208 2879 3287 vel

975 3450 1014 3481 ¹¹
1049 3444 1130 3501 At
1151 3442 1310 3518 justae
1337 3438 1743 3518 Longitudinis
1772 3438 2077 3496 Terminus
2104 3438 2236 3517 quis
2264 3444 2284 3497 ?
2328 3440 2463 3498 Non
2494 3440 2544 3498 is
2572 3461 2743 3519 quem
2774 3442 2874 3499 ho·

891 3537 1102 3617 rologii
1127 3536 1342 3615 pulvis,
1367 3534 1458 3612 ve]
1488 3552 1657 3610 aqua,
1693 3532 2007 3593 dimensum
2036 3533 2197 3593 dedit
2217 3559 2233 3592 z
2284 3534 2364 3610 (Is
2404 3535 2557 3592 enim
2596 3536 2875 3597 Externus

849 3654 858 3663 ·
889 3634 966 3693 est
996 3652 1169 3711 atque
1199 3630 1334 3691 artis
1363 3628 1618 3707 expers.)

973 3732 1004 3765 ‘¹'
1048 3724 1208 3805 Itgfrb
1225 3742 1359 3803 pag.
1394 3724 1492 3781 26.

969 3829 998 3857 ¹²
1039 3822 1146 3878 Sed
1178 3820 1280 3897 qui
1309 3836 1380 3877 ex
1407 3814 1527 3895 ipsa
1551 3813 1661 3873 Rei
1692 3813 1879 3873 Gestae
1912 3814 2110 3871 natur-5
2132 3840 2147 3871 ι
2192 3816 2252 3873 h.
2281 3838 2333 3874 e.
2376 3818 2461 3875 Ut
2483 3818 2754 3893 speciatim
2791 3820 2879 3875 lo-

886 3938 1032 3998 quar
1055 3942 1073 3976 =
1115 3937 1185 3975 ex
1242 3917 1454 3974 Rerum
1509 3910 1839 3981 Evidentii,
1891 3912 2289 3990 Magnitudini
2336 3934 2451 3973 non
2502 3916 2883 3975 incommodae

885 4012 1206 4090 conjunfiffi.

965 4107 996 4135 ⁰
1035 4106 1126 4166 Ut
1153 4102 1486 4163 Uni-versimt
1515 4100 1602 4159 Ex
1632 4098 1843 4158 idonea
1870 4098 2133 4169 Fabrici,
2156 4100 2247 4161 seu
2268 4103 2609 4161 OEconomifi
2632 4105 2881 4165 Rerum:

887 4198 1033 4284 Qae
1063 4198 1361 4265 necessario
1390 4192 1605 4277 ubique
1636 4194 1941 4271 cohaereat,
1960 4212 2056 4257 aut
2082 4194 2275 4257 saltem
2307 4196 2593 4256 verifimili
2620 4218 2788 4259 nexu.

2770 4334 2885 4391 CX
