3213 5550
324 587 743 668 CAP.xv.
864 607 995 662 nr:
1088 582 1772 666 POETICA.
1863 662 1880 674 .
2143 615 2301 704 235

328 758 589 838 tentiae
660 755 1032 851 Bonitate,
1126 755 1499 865 superavit
1571 781 1874 836 omnes·
2026 759 2096 862 {f
2173 786 2206 840 1
2227 789 2304 868 3.

328 891 354 921 “
374 879 685 962 «Differt
749 898 1009 959 autern
1078 883 1485 988 Epopoe'r‘a‚
1562 898 1644 960 et
1711 878 2312 970 Constitutionis

324 1005 881 1112 Longitudine‚
940 1021 1017 1082 et
1058 1005 1327 1084 Metro
1356 1011 1434 1084 ’ἢ
1572 1031 1696 1106 14.
1761 1011 1781 1042 ¹
1819 1007 1944 1084 Ac
2001 1006 2312 1113 Longi-

326 1129 619 1208 tudinis
694 1129 1013 1234 quidem
1090 1127 1515 1206 Terminus
1580 1126 1962 1208 sufficiens
2039 1131 2106 1208 is
2169 1129 2310 1224 est,

322 1277 563 1360 quem
602 1249 823 1330 antea
856 1252 1021 1329 dixi
1056 1281 1073 1329 ε
1138 1249 1519 1359 Ejusmodi,
1566 1251 1780 1330 enim
1817 1249 1938 1360 ‘ff'
1972 1269 2310 1360 oportet,

324 1391 414 1456 ut
450 1374 657 1456 unico
694 1376 997 1466 intuitu,
1040 1392 1117 1452 et
1148 1375 1634 1482 Principium
1673 1376 2014 1481 conspici
2051 1375 2308 1484 poffit,

324 1518 399 1578 et
468 1499 688 1578 Finis
741 1499 839 1602 †.
970 1509 999 1536 ¹
1054 1504 1323 1604 Atque
1392 1493 1549 1576 hoc
1623 1497 1946 1604 quidem
2012 1497 2176 1594 fiet,
2253 1499 2311 1578 fi

324 1621 933 1702 constitutiones
972 1621 1285 1729 Ncstrae,
1346 1622 1557 1729 qucim
1598 1621 1970 1718 Veterum
2004 1623 2086 1729 Ι,
2145 1607 2308 1702 mi·-

322 1771 547 1826 nores
622 1744 968 1836 evadant,
1065 1755 1093 1794 Υ
1158 1742 1405 1851 eoque
1494 1747 1978 1851 pervenerint
2049 1747 2308 1825 incre-

323 1870 605 1961 menti,
694 1887 1075 1977 quantum
1151 1867 1257 1946 est
1321 1867 1920 1976 Tragoediarum
1974 1872 2307 1963 omnium,

324 2018 500 2101 quae
568 1993 823 2071 Unius
886 1991 1071 2074 Diei
1126 1991 1553 2072 Auditione
1615 1991 1980 2072 concludi
2038 1993 2310 2074 solent.

337 2142 465 2225 15.
528 2128 557 2156 ²
602 2115 867 2194 Habet
924 2133 1179 2198 autem
1238 2113 1630 2221 Amplum
1687 2113 2093 2222 quiddam,
2150 2141 2312 2222 quo

324 2239 949 2348 magnitudinem
996 2239 1355 2320 extendat
1402 2239 1812 2348 Epopoe'ia,
1869 2256 1951 2317 et
1987 2238 2316 2346 quidem

326 2363 419 2442 de
457 2363 771 2472 proprio
806 2391 895 2444 ac
903 2365 1073 2471 fico.
1182 2373 1207 2400 ²
1246 2361 1461 2441 Nam
1499 2361 1581 2438 in
1624 2363 2064 2470 Tragoedia,
2102 2359 2315 2440 haud

326 2481 661 2577 Multas,
722 2513 893 2592 quae
933 2482 1159 2564 firniss
1208 2502 1595 2593 gerantur,
1655 2485 1942 2566 imitari
1993 2487 2310 2566 contin-

321 2613 445 2720 git
501 2611 785 2706 Partes,
848 2609 975 2690 sed
1038 2635 1211 2690 eam
1274 2607 1677 2702 duntaxat,
1733 2635 1908 2718 quae
1969 2609 2322 2718 vershtm‘

400 2804 431 2834 ⁸
472 2794 655 2875 Epica
680 2808 867 2855 autem
899 2792 934 2853 ὲ
956 2788 1275 2873 Tragoedia
1298 2792 1520 2853 duobus
1548 2794 1790 2871 dtfflntit.

413 2896 453 2931 ⁸
492 2894 623 2971 Cap.
658 2913 714 2954 2.

408 2990 435 3021 ⁸
478 2988 815 3067 Longitudt'ne
840 2984 1061 3045 Fabulae
1080 3008 1103 3042 .·
1146 2984 1329 3060 Cujus
1357 2983 1666 3045 Terminus
1694 2982 1930 3063 quidem
1959 2983 2052 3045 seu
2079 2982 2318 3057 Finitio,

324 3104 393 3147 ea
422 3086 531 3143 effe
558 3084 751 3157 debet,
804 3100 866 3144 ut
895 3102 1009 3141 uno
1034 3080 1191 3162 quast
1219 3080 1505 3160 adspestu,
1554 3097 1616 3142 et
1643 3080 1882 3147 Initium
1911 3082 2214 3161 assequare,
2259 3092 2322 3139 et

326 3196 671 3243 extremum.

348 3320 360 3339 .
407 3278 457 3347 †
498 3285 631 3355 Cap.
665 3294 726 3353 4.

408 3376 442 3407 ²
482 3368 553 3428 Id
580 3370 737 3447 quod
767 3369 939 3428 facile
968 3368 1083 3439 fiet,
1132 3371 1169 3429 fi
1207 3385 1267 3431 et
1302 3382 1553 3429 veterum
1581 3365 1924 3427 Fabulamm
1953 3362 2326 3431 Immenfitan.

329 3466 701 3529 contrahatur
728 3464 975 3527 breviori
1002 3466 1157 3527 Poe'fi
1182 3492 1225 3545 z¹

412 3578 447 3636 ζ
492 3564 627 3639 Cap.
660 3582 717 3636 4.

410 3665 438 3708 7
484 3658 614 3716 Nec
641 3656 869 3715 Fabulae
900 3674 1007 3715 tuae
1032 3656 1220 3715 Moles
1244 3654 1479 3715 ulterius
1504 3654 1738 3724 crescat,
1759 3652 1934 3733 quam
1961 3650 2202 3732 τριλοᾴη
2231 3651 2328 3713 vel

328 3750 651 3831 wvgaemy'oq
682 3750 797 3809 illae
846 3751 907 3821 (i.
943 3771 996 3810 e.
1026 3768 1135 3811 tres
1166 3766 1479 3827 quatuorve
1500 3748 1820 3828 tragoediae)
1863 3766 1991 3824 quae
2017 3747 2144 3807 unis
2169 3744 2332 3805 Deo-

330 3870 458 3909 rum
490 3848 642 3905 ludis
672 3846 987 3926 agebantur
1015 3847 1073 3904 in
1105 3846 1287 3904 scena.

413 3952 445 3981 2
482 3942 747 4001 Extenfio
784 3956 977 4001 autem
1014 3942 1240 4021 Epicae,
1281 3960 1385 4001 eur
1424 3938 1612 3999 multo
1653 3937 1982 4017 productior
2021 3938 2112 4007 fit,
2152 3936 2332 4018 quim

329 4038 688 4115 Tragoediae,
720 4036 882 4095 causa
913 4037 971 4094 in
1002 4049 1276 4115 promptu
1303 4034 1379 4093 est
1408 4058 1426 4095 a
1665 4104 1672 4115 ι

416 4139 442 4169 ⁸
482 4132 617 4192 Illic
650 4133 803 4191 enirn
837 4134 1029 4193 Partes
1074 4130 1353 4201 Aetionis,
1394 4129 1561 4209 (quia
1596 4129 1882 4189 histrionis
1919 4128 2158 4206 poscunt
2191 4145 2334 4207 ope·

336 4226 485 4303 tam)
517 4245 633 4287 non
662 4224 765 4287 nifi
791 4246 989 4307 pauca
1018 4226 1179 4288 simul
1210 4240 1481 4303 aguntur,
1510 4222 1817 4303 paucisque
1845 4224 1904 4285 in
1931 4222 2072 4282 locis
2095 4244 2118 4283 ε

1236 4325 1518 4436 ng
2255 4318 2344 4404 in
